,im_incident_key,fire_box,incident_type_desc,incident_date_time,arrival_date_time,units_onscene,last_unit_cleared_date_time,highest_level_desc,total_incident_duration,action_taken1_desc,action_taken2_desc,action_taken3_desc,property_use_desc,street_highway,zip_code,borough_desc,floor,co_detector_present_desc,story_fire_origin_count,fire_spread_desc,detector_presence_desc,aes_presence_desc,standpipe_sys_present_flag
0,63476768,2928,"746 - Carbon monoxide detector activation, no CO",2018-06-30 23:55:29,2018-07-01 00:00:32,2.0,2018-07-01 00:22:57,11 - First Alarm,1648,"42 - HazMat detection, monitoring, sampling, & analysis",51 - Ventilate,86 - Investigate,429 - Multifamily dwelling,UNDERCLIFF AVE,10453,2 - Bronx,1,Yes,,,,,
1,63476763,1021,"300 - Rescue, EMS incident, other",2018-06-30 23:54:44,2018-06-30 23:58:59,1.0,2018-07-01 00:09:29,11 - First Alarm,885,"00 - Action taken, other",,,UUU - Undetermined,RUTLAND RD,11203,4 - Brooklyn,,,,,,,
2,63476761,2745,"651 - Smoke scare, odor of smoke",2018-06-30 23:54:13,2018-06-30 23:58:29,3.0,2018-07-01 00:07:50,11 - First Alarm,817,"00 - Action taken, other",,,UUU - Undetermined,PROSPECT AVE,10456,2 - Bronx,,,,,,,
3,63476762,2135,"117 - Commercial Compactor fire, confined to rubbish",2018-06-30 23:54:08,2018-06-30 23:58:53,5.0,2018-07-01 00:19:16,11 - First Alarm,1508,11 - Extinguishment by fire service personnel,51 - Ventilate,,429 - Multifamily dwelling,BROWN PL,10454,2 - Bronx,basement,,,,,,
4,63476759,1877,"710 - Malicious, mischievous false call, other",2018-06-30 23:53:33,2018-06-30 23:56:50,1.0,2018-06-30 23:57:11,11 - First Alarm,218,"00 - Action taken, other",,,UUU - Undetermined,DEFAULT RECORD FOR SF,11208,4 - Brooklyn,,,,,,,
5,63476758,1765,"300 - Rescue, EMS incident, other",2018-06-30 23:53:30,2018-06-30 23:57:48,1.0,2018-07-01 00:10:41,11 - First Alarm,1031,"00 - Action taken, other",,,UUU - Undetermined,W 186 ST,10040,1 - Manhattan,,,,,,,
6,63476760,5535,412 - Gas leak (natural gas or LPG),2018-06-30 23:52:35,,,2018-07-01 00:11:36,11 - First Alarm,1141,44 - Hazardous materials leak control & containment,64 - Shut down system,82 - Notify other agencies.,429 - Multifamily dwelling,214 ST,11427,5 - Queens,2,,,,,,
7,63476745,5110,131 - Passenger vehicle fire,2018-06-30 23:49:05,2018-06-30 23:55:33,2.0,2018-07-01 00:18:03,11 - First Alarm,1738,11 - Extinguishment by fire service personnel,12 - Salvage & overhaul,,"960 - Street, other",75 PL,11379,5 - Queens,,,,,,,
8,63476743,4790,522 - Water or steam leak,2018-06-30 23:48:39,2018-06-30 23:56:26,1.0,2018-06-30 23:59:20,11 - First Alarm,641,64 - Shut down system,,,"962 - Residential street, road or residential driveway",DEFAULT RECORD FOR SF,10457,2 - Bronx,,,,,,,
9,63476742,3165,735A - Unwarranted alarm/defective condition of alarm system,2018-06-30 23:47:37,2018-06-30 23:53:16,3.0,2018-07-01 00:05:59,11 - First Alarm,1102,86 - Investigate,,,UUU - Undetermined,BEVERLY RD,11415,5 - Queens,,,,,,,
10,63476741,7998,"710 - Malicious, mischievous false call, other",2018-06-30 23:47:33,2018-06-30 23:51:00,1.0,2018-06-30 23:51:58,11 - First Alarm,265,"00 - Action taken, other",,,UUU - Undetermined,DEFAULT RECORD FOR SF,11368,5 - Queens,,,,,,,
11,63476734,797,"300 - Rescue, EMS incident, other",2018-06-30 23:46:29,2018-06-30 23:51:00,1.0,2018-06-30 23:53:20,11 - First Alarm,411,"00 - Action taken, other",,,UUU - Undetermined,W 43 ST,10036,1 - Manhattan,,,,,,,
12,63476735,1412,4002 - Explosive Escort,2018-06-30 23:45:50,2018-06-30 23:56:02,1.0,2018-07-01 05:20:01,11 - First Alarm,20051,"70 - Assistance, other",78 - Control traffic,86 - Investigate,"960 - Street, other",39 ST,11232,4 - Brooklyn,,,,,,,
13,63476730,9576,"300 - Rescue, EMS incident, other",2018-06-30 23:45:07,2018-06-30 23:48:46,1.0,2018-07-01 00:01:16,11 - First Alarm,969,"00 - Action taken, other",,,UUU - Undetermined,CONTINENTAL AVE,11375,5 - Queens,,,,,,,
14,63476729,199,"300 - Rescue, EMS incident, other",2018-06-30 23:44:08,2018-06-30 23:48:41,1.0,2018-07-01 00:11:44,11 - First Alarm,1656,"00 - Action taken, other",,,UUU - Undetermined,N 6 ST,11211,4 - Brooklyn,,,,,,,
15,63476727,1862,"300 - Rescue, EMS incident, other",2018-06-30 23:42:55,2018-06-30 23:45:47,1.0,2018-07-01 00:00:43,11 - First Alarm,1068,"00 - Action taken, other",,,UUU - Undetermined,EUCLID AVE,11208,4 - Brooklyn,,,,,,,
16,63476725,3136,"555 - Defective elevator, no occupants",2018-06-30 23:42:10,2018-06-30 23:47:11,1.0,2018-06-30 23:51:33,11 - First Alarm,563,45 - Remove hazard,,,429 - Multifamily dwelling,E 179 ST,10457,2 - Bronx,1,,,,,,
17,63476719,3555,"300 - Rescue, EMS incident, other",2018-06-30 23:40:47,2018-06-30 23:45:08,1.0,2018-07-01 00:19:34,11 - First Alarm,2327,"00 - Action taken, other",,,UUU - Undetermined,GILES PL,10463,2 - Bronx,,,,,,,
18,63476717,1516,"555 - Defective elevator, no occupants",2018-06-30 23:39:55,2018-06-30 23:45:19,1.0,2018-06-30 23:50:34,11 - First Alarm,639,45 - Remove hazard,,,429 - Multifamily dwelling,E 129 ST,10035,1 - Manhattan,1,,,,,,
19,63476716,921,"710 - Malicious, mischievous false call, other",2018-06-30 23:39:44,2018-06-30 23:44:12,6.0,2018-06-30 23:47:53,11 - First Alarm,489,"00 - Action taken, other",,,UUU - Undetermined,E 57 ST,10022,1 - Manhattan,,,,,,,
20,63476705,1781,"710 - Malicious, mischievous false call, other",2018-06-30 23:37:54,2018-06-30 23:42:53,1.0,2018-06-30 23:43:42,11 - First Alarm,348,"00 - Action taken, other",,,UUU - Undetermined,DEFAULT RECORD FOR SF,11207,4 - Brooklyn,,,,,,,
21,63476701,2258,"710 - Malicious, mischievous false call, other",2018-06-30 23:37:37,2018-06-30 23:42:16,1.0,2018-06-30 23:43:16,11 - First Alarm,339,"00 - Action taken, other",,,UUU - Undetermined,DEFAULT RECORD FOR SF,10455,2 - Bronx,,,,,,,
22,63476697,618,353 - Removal of victim(s) from stalled elevator,2018-06-30 23:35:45,2018-06-30 23:41:09,1.0,2018-06-30 23:57:38,11 - First Alarm,1313,64 - Shut down system,,,429 - Multifamily dwelling,W 23 ST,10011,1 - Manhattan,6,,,,,,
23,63476693,2870,412 - Gas leak (natural gas or LPG),2018-06-30 23:35:27,2018-06-30 23:40:19,3.0,2018-06-30 23:50:45,11 - First Alarm,918,216 - Checked exposures,,,"960 - Street, other",GLEASON AVE,10462,2 - Bronx,,,,,,,
24,63476677,105,"300 - Rescue, EMS incident, other",2018-06-30 23:33:00,2018-06-30 23:39:03,1.0,2018-06-30 23:46:18,11 - First Alarm,798,"00 - Action taken, other",,,UUU - Undetermined,BROADWAY,10007,1 - Manhattan,,,,,,,
25,63476679,2920,353 - Removal of victim(s) from stalled elevator,2018-06-30 23:32:58,2018-06-30 23:40:00,1.0,2018-06-30 23:49:03,11 - First Alarm,965,64 - Shut down system,,,419 - 1 or 2 family dwelling,TOPPING AVE,10457,2 - Bronx,1,,,,,,
26,63476672,9806,"710 - Malicious, mischievous false call, other",2018-06-30 23:32:32,2018-06-30 23:37:35,1.0,2018-06-30 23:38:09,11 - First Alarm,337,"00 - Action taken, other",,,UUU - Undetermined,DEFAULT RECORD FOR SF,11419,5 - Queens,,,,,,,
27,63476659,1483,522 - Water or steam leak,2018-06-30 23:31:03,2018-06-30 23:37:57,1.0,2018-06-30 23:47:47,11 - First Alarm,1004,64 - Shut down system,,,429 - Multifamily dwelling,E 126 ST,10035,1 - Manhattan,5,,,,,,
28,63476656,5068,"300 - Rescue, EMS incident, other",2018-06-30 23:31:00,2018-06-30 23:38:25,1.0,2018-06-30 23:50:22,11 - First Alarm,1162,"00 - Action taken, other",,,UUU - Undetermined,165 ST,11433,5 - Queens,,,,,,,
29,63476660,4939,522 - Water or steam leak,2018-06-30 23:30:58,2018-06-30 23:39:17,1.0,2018-06-30 23:52:16,11 - First Alarm,1278,64 - Shut down system,,,429 - Multifamily dwelling,PARSONS BLVD,11365,5 - Queens,1,,,,,,
30,63476646,1445,"710 - Malicious, mischievous false call, other",2018-06-30 23:30:05,2018-06-30 23:35:11,1.0,2018-06-30 23:35:39,11 - First Alarm,334,"00 - Action taken, other",,,UUU - Undetermined,DEFAULT RECORD FOR SF,10035,1 - Manhattan,,,,,,,
31,63476652,2158,424 - Carbon monoxide incident,2018-06-30 23:30:03,2018-06-30 23:35:26,1.0,2018-06-30 23:49:35,11 - First Alarm,1172,"42 - HazMat detection, monitoring, sampling, & analysis",55 - Establish safe area,,429 - Multifamily dwelling,FLATLANDS AVE,11236,4 - Brooklyn,,Yes,,,,,
32,63476643,3428,"445 - Arcing, shorted electrical equipment",2018-06-30 23:29:17,2018-06-30 23:32:55,6.0,2018-06-30 23:51:01,11 - First Alarm,1304,82 - Notify other agencies.,,,419 - 1 or 2 family dwelling,WILSON AVE,10469,2 - Bronx,exterior,,,,,,
33,63476637,2020,"300 - Rescue, EMS incident, other",2018-06-30 23:28:42,2018-06-30 23:34:10,1.0,2018-06-30 23:37:12,11 - First Alarm,510,"00 - Action taken, other",,,UUU - Undetermined,133 AVE,11417,5 - Queens,,,,,,,
34,63476641,9372,444 - Power line down,2018-06-30 23:28:32,2018-06-30 23:34:09,6.0,2018-07-01 00:41:36,11 - First Alarm,4384,55 - Establish safe area,82 - Notify other agencies.,,"962 - Residential street, road or residential driveway",101 ST,11368,5 - Queens,,,,,,,
35,63476628,3282,"710 - Malicious, mischievous false call, other",2018-06-30 23:27:23,2018-06-30 23:32:45,1.0,2018-06-30 23:33:24,11 - First Alarm,361,"00 - Action taken, other",,,UUU - Undetermined,DEFAULT RECORD FOR SF,11235,4 - Brooklyn,,,,,,,
36,63476634,470,"151 - Outside rubbish, trash or waste fire",2018-06-30 23:27:21,2018-06-30 23:30:01,6.0,2018-06-30 23:55:05,11 - First Alarm,1664,11 - Extinguishment by fire service personnel,,,"519 - Food and beverage sales, grocery store",E 14 ST,10009,1 - Manhattan,,,,,,,
37,63476631,4483,522 - Water or steam leak,2018-06-30 23:27:14,2018-06-30 23:32:17,1.0,2018-06-30 23:43:38,11 - First Alarm,984,86 - Investigate,64 - Shut down system,,419 - 1 or 2 family dwelling,FRANKLIN AVE,11355,5 - Queens,23,,,,,,
38,63476626,3380,"600 - Good intent call, other",2018-06-30 23:26:37,2018-06-30 23:36:44,2.0,2018-06-30 23:50:58,11 - First Alarm,1461,86 - Investigate,,,429 - Multifamily dwelling,GRANDCONCOURSE,10458,2 - Bronx,,,,,,,
39,63476623,479,322 - Motor vehicle accident with injuries,2018-06-30 23:26:35,2018-06-30 23:29:38,3.0,2018-07-01 00:50:43,11 - First Alarm,5048,31 - Provide first aid & check for injuries,78 - Control traffic,,963 - Street or road in commercial area,E 17 ST,10003,1 - Manhattan,,,,,,,
40,63476620,7617,"300 - Rescue, EMS incident, other",2018-06-30 23:25:48,2018-06-30 23:30:10,1.0,2018-06-30 23:39:45,11 - First Alarm,837,"00 - Action taken, other",,,UUU - Undetermined,25 AVE,11370,5 - Queens,,,,,,,
41,63476621,629,353 - Removal of victim(s) from stalled elevator,2018-06-30 23:25:24,2018-06-30 23:32:07,1.0,2018-06-30 23:46:57,11 - First Alarm,1293,64 - Shut down system,,,429 - Multifamily dwelling,2 AVE,10010,1 - Manhattan,6,,,,,,
42,63476617,801,"710 - Malicious, mischievous false call, other",2018-06-30 23:23:44,2018-06-30 23:27:25,1.0,2018-06-30 23:33:11,11 - First Alarm,567,"00 - Action taken, other",,,UUU - Undetermined,MYRTLE AVE,11237,4 - Brooklyn,,,,,,,
43,63476614,2894,412 - Gas leak (natural gas or LPG),2018-06-30 23:22:51,2018-06-30 23:27:18,1.0,2018-06-30 23:39:26,11 - First Alarm,995,86 - Investigate,45 - Remove hazard,64 - Shut down system,429 - Multifamily dwelling,CROES AVE,10472,2 - Bronx,,,,,,,
44,63476610,5003,"300 - Rescue, EMS incident, other",2018-06-30 23:21:45,2018-06-30 23:25:08,1.0,2018-06-30 23:36:14,11 - First Alarm,869,"00 - Action taken, other",,,UUU - Undetermined,175 ST,11433,5 - Queens,,,,,,,
45,63476608,3824,"300 - Rescue, EMS incident, other",2018-06-30 23:21:18,2018-06-30 23:25:16,1.0,2018-06-30 23:33:30,11 - First Alarm,732,"00 - Action taken, other",,,UUU - Undetermined,WIMAN AVE,10308,3 - Staten Island,,,,,,,
46,63476609,272,522 - Water or steam leak,2018-06-30 23:21:05,2018-06-30 23:27:11,1.0,2018-06-30 23:55:36,11 - First Alarm,2071,64 - Shut down system,,,429 - Multifamily dwelling,FDR DR                W,10002,1 - Manhattan,,,,,,,
47,63476606,6095,"300 - Rescue, EMS incident, other",2018-06-30 23:20:50,2018-06-30 23:26:20,1.0,2018-06-30 23:35:24,11 - First Alarm,874,"00 - Action taken, other",,,UUU - Undetermined,133 ST,11419,5 - Queens,,,,,,,
48,63476604,283,"300 - Rescue, EMS incident, other",2018-06-30 23:19:49,2018-06-30 23:22:22,1.0,2018-06-30 23:38:39,11 - First Alarm,1130,"00 - Action taken, other",,,UUU - Undetermined,PORTER AVE,11237,4 - Brooklyn,,,,,,,
49,63476601,1691,736 - CO detector activation due to malfunction,2018-06-30 23:18:16,2018-06-30 23:23:47,2.0,2018-06-30 23:32:13,11 - First Alarm,837,"00 - Action taken, other",,,UUU - Undetermined,W 163 ST,10032,1 - Manhattan,,Yes,,,,,
50,63476600,2741,"300 - Rescue, EMS incident, other",2018-06-30 23:18:06,2018-06-30 23:21:13,1.0,2018-06-30 23:47:07,11 - First Alarm,1741,"00 - Action taken, other",,,UUU - Undetermined,84 ST,11209,4 - Brooklyn,,,,,,,
51,63476598,4305,"300 - Rescue, EMS incident, other",2018-06-30 23:17:41,2018-06-30 23:20:42,1.0,2018-06-30 23:28:02,11 - First Alarm,621,"00 - Action taken, other",,,UUU - Undetermined,15 AVE,11357,5 - Queens,,,,,,,
52,63476596,1622,"710 - Malicious, mischievous false call, other",2018-06-30 23:17:28,2018-06-30 23:20:59,1.0,2018-06-30 23:21:27,11 - First Alarm,239,"00 - Action taken, other",,,UUU - Undetermined,DEFAULT RECORD FOR SF,11233,4 - Brooklyn,,,,,,,
53,63476591,406,322 - Motor vehicle accident with injuries,2018-06-30 23:16:14,2018-06-30 23:19:17,3.0,2018-06-30 23:27:05,11 - First Alarm,651,302 - Provide Patient Care,75 - Provide equipment,77 - Control crowd,961 - Highway or divided highway,PARK AVE,11201,4 - Brooklyn,,,,,,,
54,63476587,4156,"300 - Rescue, EMS incident, other",2018-06-30 23:15:14,2018-06-30 23:18:11,1.0,2018-06-30 23:23:36,11 - First Alarm,502,"00 - Action taken, other",,,UUU - Undetermined,METROPOLITAN AVE,11385,5 - Queens,,,,,,,
55,63476588,3388,522 - Water or steam leak,2018-06-30 23:14:59,2018-06-30 23:25:51,1.0,2018-06-30 23:38:10,11 - First Alarm,1391,64 - Shut down system,,,429 - Multifamily dwelling,UNIVERSITY AVE,10468,2 - Bronx,,,,,,,
56,63476584,3181,"300 - Rescue, EMS incident, other",2018-06-30 23:13:22,2018-06-30 23:17:52,1.0,2018-06-30 23:35:59,11 - First Alarm,1357,"00 - Action taken, other",,,UUU - Undetermined,AUSTIN ST,11415,5 - Queens,,,,,,,
57,63476580,1150,"300 - Rescue, EMS incident, other",2018-06-30 23:11:28,2018-06-30 23:16:53,1.0,2018-06-30 23:39:01,11 - First Alarm,1653,"00 - Action taken, other",,,UUU - Undetermined,W 84 ST,10024,1 - Manhattan,,,,,,,
58,63476578,2525,"300 - Rescue, EMS incident, other",2018-06-30 23:10:40,2018-06-30 23:21:05,1.0,2018-06-30 23:52:38,11 - First Alarm,2518,"00 - Action taken, other",,,UUU - Undetermined,E 165 ST,10452,2 - Bronx,,,,,,,
59,63476575,3366,"710 - Malicious, mischievous false call, other",2018-06-30 23:10:05,2018-06-30 23:17:06,1.0,2018-06-30 23:18:03,11 - First Alarm,478,"00 - Action taken, other",,,UUU - Undetermined,DEFAULT RECORD FOR SF,10468,2 - Bronx,,,,,,,
60,63476568,2339,"300 - Rescue, EMS incident, other",2018-06-30 23:08:47,2018-06-30 23:12:30,1.0,2018-06-30 23:38:29,11 - First Alarm,1782,"00 - Action taken, other",,,UUU - Undetermined,E 161 ST,10456,2 - Bronx,,,,,,,
61,63476566,3216,"300 - Rescue, EMS incident, other",2018-06-30 23:08:08,2018-06-30 23:13:20,1.0,2018-06-30 23:31:48,11 - First Alarm,1420,"00 - Action taken, other",,,UUU - Undetermined,VAN NEST AVE,10462,2 - Bronx,,,,,,,
62,63476565,2438,"445 - Arcing, shorted electrical equipment",2018-06-30 23:07:40,2018-06-30 23:11:07,5.0,2018-06-30 23:17:53,11 - First Alarm,613,64 - Shut down system,45 - Remove hazard,82 - Notify other agencies.,419 - 1 or 2 family dwelling,E 25 ST,11226,4 - Brooklyn,1,,,,,,
63,63476563,4037,"300 - Rescue, EMS incident, other",2018-06-30 23:06:53,2018-06-30 23:11:23,1.0,2018-06-30 23:17:43,11 - First Alarm,650,"00 - Action taken, other",,,UUU - Undetermined,SENECA AVE,11385,5 - Queens,,,,,,,
64,63476561,1386,"300 - Rescue, EMS incident, other",2018-06-30 23:06:39,2018-06-30 23:10:00,2.0,2018-06-30 23:32:47,11 - First Alarm,1568,"00 - Action taken, other",,,UUU - Undetermined,LENOX AVE,10026,1 - Manhattan,,,,,,,
65,63476557,7839,"300 - Rescue, EMS incident, other",2018-06-30 23:06:02,2018-06-30 23:12:06,1.0,2018-06-30 23:19:39,11 - First Alarm,817,"00 - Action taken, other",,,UUU - Undetermined,86 ST,11373,5 - Queens,,,,,,,
66,63476562,2723,412 - Gas leak (natural gas or LPG),2018-06-30 23:05:55,2018-06-30 23:11:39,3.0,2018-06-30 23:17:06,11 - First Alarm,671,44 - Hazardous materials leak control & containment,64 - Shut down system,82 - Notify other agencies.,429 - Multifamily dwelling,E CLARKE PL,10452,2 - Bronx,1,,,,,,
67,63476555,2115,353 - Removal of victim(s) from stalled elevator,2018-06-30 23:05:37,2018-06-30 23:11:44,1.0,2018-06-30 23:20:45,11 - First Alarm,908,64 - Shut down system,,,429 - Multifamily dwelling,HEGEMAN AVE,11212,4 - Brooklyn,2,,,,,,
68,63476554,2201,353 - Removal of victim(s) from stalled elevator,2018-06-30 23:05:21,2018-06-30 23:08:43,1.0,2018-06-30 23:21:14,11 - First Alarm,953,64 - Shut down system,,,429 - Multifamily dwelling,3 AVE,10451,2 - Bronx,,,,,,,
69,63476547,3737,735A - Unwarranted alarm/defective condition of alarm system,2018-06-30 23:02:36,2018-06-30 23:07:44,2.0,2018-06-30 23:12:12,11 - First Alarm,576,86 - Investigate,,,UUU - Undetermined,SELKIRK ST,10309,3 - Staten Island,,,,,,,
70,63476544,932,"445 - Arcing, shorted electrical equipment",2018-06-30 23:02:35,2018-06-30 23:09:03,4.0,2018-06-30 23:25:45,11 - First Alarm,1390,82 - Notify other agencies.,,,331 - Hospital - medical or psychiatric,10 AVE,10019,1 - Manhattan,cellar,,,,,,
71,63476535,1920,735B - Unnecessary alarm/alarm system testing or servicing,2018-06-30 23:01:15,2018-06-30 23:05:33,2.0,2018-06-30 23:21:25,11 - First Alarm,1210,86 - Investigate,,,UUU - Undetermined,SUTPHIN BLVD,11435,5 - Queens,,,,,,,
72,63476532,571,"300 - Rescue, EMS incident, other",2018-06-30 23:00:21,2018-06-30 23:05:17,1.0,2018-06-30 23:13:02,11 - First Alarm,761,"00 - Action taken, other",,,UUU - Undetermined,BOND ST,11217,4 - Brooklyn,,,,,,,
73,63476530,1558,"300 - Rescue, EMS incident, other",2018-06-30 22:58:43,2018-06-30 23:04:15,1.0,2018-06-30 23:27:48,11 - First Alarm,1745,"00 - Action taken, other",,,UUU - Undetermined,NORWALK AVE,10314,3 - Staten Island,,,,,,,
74,63476527,206,"331 - Lock-in (if lock out , use 511 )",2018-06-30 22:57:55,2018-06-30 23:04:14,1.0,2018-06-30 23:16:31,11 - First Alarm,1116,"70 - Assistance, other",,,"500 - Mercantile, business, other",BROADWAY,11211,4 - Brooklyn,1,,,,,,
75,63476526,203,"710 - Malicious, mischievous false call, other",2018-06-30 22:56:45,2018-06-30 23:00:33,4.0,2018-06-30 23:05:07,11 - First Alarm,502,"00 - Action taken, other",,,UUU - Undetermined,S 2 ST,11211,4 - Brooklyn,,,,,,,
76,63476510,3729,412 - Gas leak (natural gas or LPG),2018-06-30 22:53:15,2018-06-30 22:58:49,4.0,2018-06-30 23:16:19,11 - First Alarm,1384,44 - Hazardous materials leak control & containment,64 - Shut down system,82 - Notify other agencies.,429 - Multifamily dwelling,FAIRFIELD AVE,10463,2 - Bronx,1,,,,,,
77,63476505,3548,364 - Surf rescue,2018-06-30 22:52:46,2018-06-30 22:56:36,8.0,2018-07-01 00:37:24,11 - First Alarm,6278,86 - Investigate,21 - Search,45 - Remove hazard,937 - Beach,W 19 ST,11224,4 - Brooklyn,,,,,,,
78,63476500,8509,"300 - Rescue, EMS incident, other",2018-06-30 22:51:34,2018-06-30 22:55:40,1.0,2018-06-30 23:04:13,11 - First Alarm,759,"00 - Action taken, other",,,UUU - Undetermined,ATLANTIC AVE,11421,5 - Queens,,,,,,,
79,63476497,470,"445 - Arcing, shorted electrical equipment",2018-06-30 22:50:16,2018-06-30 22:52:48,6.0,2018-06-30 23:22:53,11 - First Alarm,1957,82 - Notify other agencies.,,,161 - Restaurant or cafeteria,E 14 ST,10009,1 - Manhattan,,,,,,,
80,63476493,2272,"300 - Rescue, EMS incident, other",2018-06-30 22:50:15,2018-06-30 22:58:44,1.0,2018-06-30 23:10:42,11 - First Alarm,1227,"00 - Action taken, other",,,UUU - Undetermined,WALTON AVE,10451,2 - Bronx,,,,,,,
81,63476490,1354,"300 - Rescue, EMS incident, other",2018-06-30 22:49:57,2018-06-30 22:53:13,1.0,2018-06-30 23:02:05,11 - First Alarm,728,"00 - Action taken, other",,,UUU - Undetermined,AMSTERDAM AVE,10025,1 - Manhattan,,,,,,,
82,63476485,1649,"445 - Arcing, shorted electrical equipment",2018-06-30 22:47:51,2018-06-30 22:52:41,6.0,2018-06-30 23:08:00,11 - First Alarm,1209,82 - Notify other agencies.,,,429 - Multifamily dwelling,RIVERSIDE DR,10031,1 - Manhattan,b,,,,,,
83,63476482,1062,"300 - Rescue, EMS incident, other",2018-06-30 22:47:44,2018-06-30 22:53:16,1.0,2018-06-30 23:19:34,11 - First Alarm,1910,"00 - Action taken, other",,,UUU - Undetermined,E 75 ST,10021,1 - Manhattan,,,,,,,
84,63476479,7138,"300 - Rescue, EMS incident, other",2018-06-30 22:47:24,2018-06-30 22:52:28,1.0,2018-06-30 23:10:50,11 - First Alarm,1406,"00 - Action taken, other",,,UUU - Undetermined,44 DR,11101,5 - Queens,,,,,,,
85,63476473,2452,"300 - Rescue, EMS incident, other",2018-06-30 22:46:48,2018-06-30 22:49:49,1.0,2018-06-30 23:00:50,11 - First Alarm,842,"00 - Action taken, other",,,UUU - Undetermined,OCEAN AVE,11210,4 - Brooklyn,,,,,,,
86,63476472,7176,"300 - Rescue, EMS incident, other",2018-06-30 22:46:45,2018-06-30 22:50:59,1.0,2018-06-30 22:57:41,11 - First Alarm,656,"00 - Action taken, other",,,UUU - Undetermined,VERNON BLVD,11101,5 - Queens,,,,,,,
87,63476474,2818,353 - Removal of victim(s) from stalled elevator,2018-06-30 22:46:42,2018-06-30 22:51:01,1.0,2018-06-30 22:58:19,11 - First Alarm,697,86 - Investigate,45 - Remove hazard,64 - Shut down system,429 - Multifamily dwelling,UNDERHILL AVE,10472,2 - Bronx,20th,,,,,,
88,63476470,1306,"300 - Rescue, EMS incident, other",2018-06-30 22:46:31,2018-06-30 22:48:52,1.0,2018-06-30 23:10:13,11 - First Alarm,1422,"00 - Action taken, other",,,UUU - Undetermined,4 AVE,11215,4 - Brooklyn,,,,,,,
89,63476467,1184,"300 - Rescue, EMS incident, other",2018-06-30 22:45:40,2018-06-30 22:48:07,1.0,2018-06-30 23:01:21,11 - First Alarm,941,"00 - Action taken, other",,,UUU - Undetermined,92 ST,11209,4 - Brooklyn,,,,,,,
90,63476464,3120,"300 - Rescue, EMS incident, other",2018-06-30 22:45:17,2018-06-30 22:49:38,1.0,2018-06-30 23:26:17,11 - First Alarm,2460,"00 - Action taken, other",,,UUU - Undetermined,GRAND AVE,10453,2 - Bronx,,,,,,,
91,63476465,642,353 - Removal of victim(s) from stalled elevator,2018-06-30 22:44:58,2018-06-30 22:51:21,1.0,2018-06-30 23:03:08,11 - First Alarm,1090,64 - Shut down system,,,"449 - Hotel/motel, commercial",W 26 ST,10010,1 - Manhattan,2,,,,,,
92,63476454,8401,323 - Motor vehicle/pedestrian accident (MV Ped),2018-06-30 22:43:55,2018-06-30 22:54:26,1.0,2018-06-30 23:07:31,11 - First Alarm,1416,48 - Remove hazardous materials,78 - Control traffic,86 - Investigate,961 - Highway or divided highway,EXIT 11,11432,5 - Queens,,,,,,,
93,63476455,430,"113 - Cooking fire, confined to container",2018-06-30 22:43:34,2018-06-30 22:48:24,2.0,2018-06-30 22:54:24,11 - First Alarm,650,11 - Extinguishment by fire service personnel,51 - Ventilate,,429 - Multifamily dwelling,DUFFIELD ST,11201,4 - Brooklyn,1,,,,,,
94,63476458,459,735A - Unwarranted alarm/defective condition of alarm system,2018-06-30 22:43:18,2018-06-30 22:48:20,2.0,2018-06-30 22:57:57,11 - First Alarm,879,86 - Investigate,,,UUU - Undetermined,PIERREPONT ST,11201,4 - Brooklyn,,,,,,,
95,63476453,272,522 - Water or steam leak,2018-06-30 22:43:14,2018-06-30 22:50:06,1.0,2018-06-30 23:05:41,11 - First Alarm,1347,64 - Shut down system,,,429 - Multifamily dwelling,FDR DR                W,10002,1 - Manhattan,,,,,,,
96,63476451,7406,"300 - Rescue, EMS incident, other",2018-06-30 22:43:11,2018-06-30 22:48:10,1.0,2018-06-30 22:55:28,11 - First Alarm,737,"00 - Action taken, other",,,UUU - Undetermined,BROADWAY,11103,5 - Queens,,,,,,,
97,63476450,886,"300 - Rescue, EMS incident, other",2018-06-30 22:43:09,2018-06-30 22:47:15,1.0,2018-06-30 23:33:01,11 - First Alarm,2992,"00 - Action taken, other",,,UUU - Undetermined,W 55 ST,10019,1 - Manhattan,,,,,,,
98,63476448,3931,"555 - Defective elevator, no occupants",2018-06-30 22:42:29,2018-06-30 22:47:32,1.0,2018-06-30 23:16:57,11 - First Alarm,2068,45 - Remove hazard,,,429 - Multifamily dwelling,NETHERLAND AVE,10471,2 - Bronx,basement,,,,,,
99,63476438,2783,"300 - Rescue, EMS incident, other",2018-06-30 22:40:01,2018-06-30 22:43:30,1.0,2018-06-30 23:01:56,11 - First Alarm,1315,"00 - Action taken, other",,,UUU - Undetermined,3 AVE,10457,2 - Bronx,,,,,,,
100,63476437,532,"300 - Rescue, EMS incident, other",2018-06-30 22:40:01,2018-06-30 22:44:27,1.0,2018-06-30 23:07:55,11 - First Alarm,1674,"00 - Action taken, other",,,UUU - Undetermined,ATLANTIC AVE,11201,4 - Brooklyn,,,,,,,
101,63476435,3259,323 - Motor vehicle/pedestrian accident (MV Ped),2018-06-30 22:39:57,2018-06-30 22:43:31,1.0,2018-06-30 23:01:49,11 - First Alarm,1312,48 - Remove hazardous materials,78 - Control traffic,86 - Investigate,"962 - Residential street, road or residential driveway",BEDFORD AVE,11210,4 - Brooklyn,,,,,,,
102,63476430,1150,735A - Unwarranted alarm/defective condition of alarm system,2018-06-30 22:38:51,2018-06-30 22:46:15,3.0,2018-07-01 00:00:48,11 - First Alarm,4917,86 - Investigate,,,UUU - Undetermined,SHORE RD,11209,4 - Brooklyn,,,,,,,
103,63476428,1036,"300 - Rescue, EMS incident, other",2018-06-30 22:38:46,2018-06-30 22:47:17,1.0,2018-06-30 22:56:01,11 - First Alarm,1035,"00 - Action taken, other",,,UUU - Undetermined,W 72 ST,10023,1 - Manhattan,,,,,,,
104,63476426,579,"300 - Rescue, EMS incident, other",2018-06-30 22:38:39,2018-06-30 22:42:31,1.0,2018-06-30 23:02:15,11 - First Alarm,1416,"00 - Action taken, other",,,UUU - Undetermined,BUTLER ST,11217,4 - Brooklyn,,,,,,,
105,63476427,624,735A - Unwarranted alarm/defective condition of alarm system,2018-06-30 22:38:16,2018-06-30 22:41:53,4.0,2018-06-30 22:55:58,11 - First Alarm,1062,86 - Investigate,,,UUU - Undetermined,CLERMONT AVE,11238,4 - Brooklyn,,,,,,,
106,63476420,4564,"300 - Rescue, EMS incident, other",2018-06-30 22:38:06,2018-06-30 22:41:57,1.0,2018-06-30 23:08:20,11 - First Alarm,1814,"00 - Action taken, other",,,UUU - Undetermined,CITY ISLAND AVE,10464,2 - Bronx,,,,,,,
107,63476424,902,"710 - Malicious, mischievous false call, other",2018-06-30 22:37:34,2018-06-30 22:40:31,4.0,2018-06-30 22:45:05,11 - First Alarm,451,"00 - Action taken, other",,,UUU - Undetermined,GATES AVE,11221,4 - Brooklyn,,,,,,,
108,63476416,2371,"300 - Rescue, EMS incident, other",2018-06-30 22:37:05,2018-06-30 22:43:19,1.0,2018-07-01 01:00:17,11 - First Alarm,8592,"00 - Action taken, other",,,UUU - Undetermined,BRUCKNER BLVD,10459,2 - Bronx,,,,,,,
109,63476415,3544,"300 - Rescue, EMS incident, other",2018-06-30 22:36:56,2018-06-30 22:39:41,1.0,2018-06-30 23:01:37,11 - First Alarm,1481,"00 - Action taken, other",,,UUU - Undetermined,W 23 ST,11224,4 - Brooklyn,,,,,,,
110,63476413,1379,"300 - Rescue, EMS incident, other",2018-06-30 22:36:52,2018-06-30 22:39:46,1.0,2018-06-30 22:50:06,11 - First Alarm,794,"00 - Action taken, other",,,UUU - Undetermined,BEACH 116 ST,11694,5 - Queens,,,,,,,
111,63476417,3074,736 - CO detector activation due to malfunction,2018-06-30 22:36:51,2018-06-30 22:41:28,2.0,2018-06-30 22:53:09,11 - First Alarm,978,"00 - Action taken, other",,,UUU - Undetermined,THIERIOT AVE,10460,2 - Bronx,,,,,,,
112,63476410,3856,"300 - Rescue, EMS incident, other",2018-06-30 22:36:23,2018-06-30 22:36:57,1.0,2018-06-30 22:43:09,11 - First Alarm,406,"00 - Action taken, other",,,UUU - Undetermined,23 AVE,11214,4 - Brooklyn,,,,,,,
113,63476406,2529,"600 - Good intent call, other",2018-06-30 22:34:33,2018-06-30 22:40:08,1.0,2018-06-30 22:51:06,11 - First Alarm,993,86 - Investigate,,,429 - Multifamily dwelling,UNIVERSITY AVE,10452,2 - Bronx,5th,,,,,,
114,63476404,4492,353 - Removal of victim(s) from stalled elevator,2018-06-30 22:34:33,2018-06-30 22:39:31,1.0,2018-06-30 22:56:34,11 - First Alarm,1321,86 - Investigate,52 - Forcible entry,64 - Shut down system,429 - Multifamily dwelling,KISSENA BLVD,11355,5 - Queens,3,,,,,,
115,63476405,7561,522 - Water or steam leak,2018-06-30 22:34:16,2018-06-30 22:49:23,1.0,2018-06-30 22:58:03,11 - First Alarm,1427,64 - Shut down system,,,429 - Multifamily dwelling,29 ST,11105,5 - Queens,,,,,,,
116,63476395,482,"300 - Rescue, EMS incident, other",2018-06-30 22:32:51,2018-06-30 22:37:14,1.0,2018-06-30 22:46:58,11 - First Alarm,847,"00 - Action taken, other",,,UUU - Undetermined,WHITE PLAINS AVE,10305,3 - Staten Island,,,,,,,
117,63476391,586,"300 - Rescue, EMS incident, other",2018-06-30 22:30:56,2018-06-30 22:33:35,1.0,2018-06-30 22:39:13,11 - First Alarm,497,"00 - Action taken, other",,,UUU - Undetermined,ATLANTIC AVE,11217,4 - Brooklyn,,,,,,,
118,63476387,779,"300 - Rescue, EMS incident, other",2018-06-30 22:29:58,2018-06-30 22:36:06,1.0,2018-06-30 22:59:53,11 - First Alarm,1795,"00 - Action taken, other",,,UUU - Undetermined,7 AVE,10018,1 - Manhattan,,,,,,,
119,63476384,2504,735A - Unwarranted alarm/defective condition of alarm system,2018-06-30 22:28:55,2018-06-30 22:33:58,2.0,2018-06-30 22:52:52,11 - First Alarm,1437,86 - Investigate,,,UUU - Undetermined,WESTCHESTER AVE,10459,2 - Bronx,,,,,,,
120,63476383,3173,"300 - Rescue, EMS incident, other",2018-06-30 22:28:53,2018-06-30 22:32:05,1.0,2018-07-01 00:30:19,11 - First Alarm,7286,"00 - Action taken, other",,,UUU - Undetermined,CROTONA AVE,10457,2 - Bronx,,,,,,,
121,63476382,4793,"300 - Rescue, EMS incident, other",2018-06-30 22:28:51,2018-06-30 22:33:20,1.0,2018-06-30 22:49:03,11 - First Alarm,1212,"00 - Action taken, other",,,UUU - Undetermined,169 ST,11432,5 - Queens,,,,,,,
122,63476375,3954,"300 - Rescue, EMS incident, other",2018-06-30 22:28:15,2018-06-30 22:34:33,1.0,2018-06-30 22:47:46,11 - First Alarm,1171,"00 - Action taken, other",,,UUU - Undetermined,CARROLL ST,11225,4 - Brooklyn,,,,,,,
123,63476376,4237,424 - Carbon monoxide incident,2018-06-30 22:27:51,2018-06-30 22:33:10,2.0,2018-06-30 23:00:22,11 - First Alarm,1951,86 - Investigate,51 - Ventilate,,419 - 1 or 2 family dwelling,CODDINGTON AVE,10461,2 - Bronx,Basement,Yes,,,,,
124,63476371,2921,"300 - Rescue, EMS incident, other",2018-06-30 22:27:21,2018-06-30 23:05:25,1.0,2018-06-30 23:15:20,11 - First Alarm,2879,"00 - Action taken, other",,,UUU - Undetermined,WEEKS AVE,10457,2 - Bronx,,,,,,,
125,63476365,7124,"300 - Rescue, EMS incident, other",2018-06-30 22:26:28,2018-06-30 22:29:46,1.0,2018-06-30 22:44:36,11 - First Alarm,1088,"00 - Action taken, other",,,UUU - Undetermined,VERNON BLVD,11101,5 - Queens,,,,,,,
126,63476370,7188,"710 - Malicious, mischievous false call, other",2018-06-30 22:26:21,2018-06-30 22:29:09,6.0,2018-06-30 22:35:35,11 - First Alarm,554,"00 - Action taken, other",,,UUU - Undetermined,IND-A-C-EUCLID AVE,99999,4 - Brooklyn,,,,,,,
127,63476366,2834,"651 - Smoke scare, odor of smoke",2018-06-30 22:25:53,2018-06-30 22:28:50,6.0,2018-06-30 22:34:59,11 - First Alarm,546,"00 - Action taken, other",,,UUU - Undetermined,86 ST,11214,4 - Brooklyn,,,,,,,
128,63476364,1805,"300 - Rescue, EMS incident, other",2018-06-30 22:25:44,2018-06-30 22:41:43,1.0,2018-06-30 22:43:19,11 - First Alarm,1055,"00 - Action taken, other",,,UUU - Undetermined,WADSWORTH TER,10040,1 - Manhattan,,,,,,,
129,63476358,742,"300 - Rescue, EMS incident, other",2018-06-30 22:24:07,2018-06-30 22:29:09,1.0,2018-06-30 22:36:23,11 - First Alarm,736,"00 - Action taken, other",,,UUU - Undetermined,W 37 ST,10018,1 - Manhattan,,,,,,,
130,63476350,1150,735A - Unwarranted alarm/defective condition of alarm system,2018-06-30 22:21:52,2018-06-30 22:28:35,1.0,2018-06-30 22:30:23,11 - First Alarm,511,86 - Investigate,,,UUU - Undetermined,SHORE RD,11209,4 - Brooklyn,,,,,,,
131,63476344,279,"300 - Rescue, EMS incident, other",2018-06-30 22:19:58,2018-06-30 22:28:50,1.0,2018-06-30 22:38:25,11 - First Alarm,1107,"00 - Action taken, other",,,UUU - Undetermined,DELANCEY ST,10002,1 - Manhattan,,,,,,,
132,63476339,252,353 - Removal of victim(s) from stalled elevator,2018-06-30 22:19:17,2018-06-30 22:25:45,1.0,2018-06-30 22:30:21,11 - First Alarm,664,64 - Shut down system,,,429 - Multifamily dwelling,GRAND ST,10002,1 - Manhattan,1,,,,,,
133,63476334,409,736 - CO detector activation due to malfunction,2018-06-30 22:17:42,2018-06-30 22:22:25,2.0,2018-06-30 22:30:29,11 - First Alarm,767,"00 - Action taken, other",,,UUU - Undetermined,E 1 ST,10002,1 - Manhattan,,,,,,,
134,63476329,2988,"300 - Rescue, EMS incident, other",2018-06-30 22:17:22,2018-06-30 22:21:17,1.0,2018-06-30 22:47:52,11 - First Alarm,1830,"00 - Action taken, other",,,UUU - Undetermined,UNIVERSITY AVE,10453,2 - Bronx,,,,,,,
135,63476328,7905,"710 - Malicious, mischievous false call, other",2018-06-30 22:17:09,2018-06-30 22:21:13,1.0,2018-06-30 22:22:17,11 - First Alarm,308,"00 - Action taken, other",,,UUU - Undetermined,DEFAULT RECORD FOR SF,11377,5 - Queens,,,,,,,
136,63476319,2014,412 - Gas leak (natural gas or LPG),2018-06-30 22:14:27,2018-06-30 22:18:58,3.0,2018-06-30 22:29:05,11 - First Alarm,878,44 - Hazardous materials leak control & containment,64 - Shut down system,82 - Notify other agencies.,429 - Multifamily dwelling,MILLER AVE,11207,4 - Brooklyn,3,,,,,,
137,63476303,1464,"300 - Rescue, EMS incident, other",2018-06-30 22:12:37,2018-06-30 22:16:14,1.0,2018-06-30 23:16:13,11 - First Alarm,3816,"00 - Action taken, other",,,UUU - Undetermined,E 125 ST,10035,1 - Manhattan,,,,,,,
138,63476297,1646,"151 - Outside rubbish, trash or waste fire",2018-06-30 22:11:40,2018-06-30 22:17:14,1.0,2018-06-30 22:28:02,11 - First Alarm,982,11 - Extinguishment by fire service personnel,,,965 - Vehicle parking area,PROSPECT PL,11233,4 - Brooklyn,,,,,,,
139,63476298,850,"500 - Service Call, other",2018-06-30 22:11:11,2018-06-30 22:16:12,6.0,2018-06-30 22:34:00,11 - First Alarm,1369,86 - Investigate,,,419 - 1 or 2 family dwelling,CHAUNCEY ST,11233,4 - Brooklyn,1,,,,,,
140,63476283,3123,522 - Water or steam leak,2018-06-30 22:10:34,2018-06-30 22:22:01,1.0,2018-06-30 22:29:25,11 - First Alarm,1131,64 - Shut down system,,,"400 - Residential, other",BUSH ST,10453,2 - Bronx,,,,,,,
141,63476282,1341,"113 - Cooking fire, confined to container",2018-06-30 22:10:23,2018-06-30 22:15:10,6.0,2018-06-30 22:26:42,11 - First Alarm,979,11 - Extinguishment by fire service personnel,51 - Ventilate,,429 - Multifamily dwelling,W 111 ST,10026,1 - Manhattan,1,,,,,,
142,63476274,2446,"651 - Smoke scare, odor of smoke",2018-06-30 22:09:39,2018-06-30 22:12:30,6.0,2018-06-30 22:17:52,11 - First Alarm,493,"00 - Action taken, other",,,UUU - Undetermined,E 26 ST,11210,4 - Brooklyn,,,,,,,
143,63476271,856,"300 - Rescue, EMS incident, other",2018-06-30 22:09:03,2018-06-30 22:17:35,1.0,2018-06-30 22:26:49,11 - First Alarm,1066,"00 - Action taken, other",,,UUU - Undetermined,W 50 ST,10020,1 - Manhattan,,,,,,,
144,63476270,1271,"117 - Commercial Compactor fire, confined to rubbish",2018-06-30 22:08:39,2018-06-30 22:11:36,5.0,2018-06-30 22:28:52,11 - First Alarm,1213,11 - Extinguishment by fire service personnel,51 - Ventilate,64 - Shut down system,429 - Multifamily dwelling,AMSTERDAM AVE,10025,1 - Manhattan,8,,,,,,
145,63476268,2759,"300 - Rescue, EMS incident, other",2018-06-30 22:08:23,2018-06-30 22:14:22,1.0,2018-06-30 22:52:46,11 - First Alarm,2663,"00 - Action taken, other",,,UUU - Undetermined,UNIVERSITY AVE,10452,2 - Bronx,,,,,,,
146,63476267,3162,522 - Water or steam leak,2018-06-30 22:07:21,2018-06-30 22:16:10,1.0,2018-06-30 22:17:29,11 - First Alarm,608,64 - Shut down system,,,"962 - Residential street, road or residential driveway",TIEBOUT AVE,10457,2 - Bronx,,,,,,,
147,63476256,2547,412 - Gas leak (natural gas or LPG),2018-06-30 22:06:52,2018-06-30 22:12:14,3.0,2018-06-30 22:41:26,11 - First Alarm,2074,45 - Remove hazard,,,429 - Multifamily dwelling,SOUTHERN BLVD,10459,2 - Bronx,,,,,,,
148,63476250,9176,"300 - Rescue, EMS incident, other",2018-06-30 22:06:45,2018-06-30 22:12:01,1.0,2018-06-30 22:35:13,11 - First Alarm,1708,"00 - Action taken, other",,,UUU - Undetermined,64 RD,11374,5 - Queens,,,,,,,
149,63476253,236,"555 - Defective elevator, no occupants",2018-06-30 22:06:30,2018-06-30 22:10:46,1.0,2018-06-30 22:22:08,11 - First Alarm,938,45 - Remove hazard,,,429 - Multifamily dwelling,MADISON ST,10002,1 - Manhattan,Lobby,,,,,,
150,63476249,774,424 - Carbon monoxide incident,2018-06-30 22:06:12,2018-06-30 22:09:28,2.0,2018-06-30 22:49:32,11 - First Alarm,2600,"42 - HazMat detection, monitoring, sampling, & analysis",55 - Establish safe area,,429 - Multifamily dwelling,BROADWAY,11221,4 - Brooklyn,,Yes,,,,,
151,63476241,152,"651 - Smoke scare, odor of smoke",2018-06-30 22:05:37,2018-06-30 22:10:41,1.0,2018-06-30 22:35:26,11 - First Alarm,1789,"00 - Action taken, other",,,UUU - Undetermined,HART BLVD,10301,3 - Staten Island,,,,,,,
152,63476238,716,353 - Removal of victim(s) from stalled elevator,2018-06-30 22:05:25,2018-06-30 22:11:06,1.0,2018-06-30 22:24:57,11 - First Alarm,1172,64 - Shut down system,,,599 - Business office,E 34 ST,10016,1 - Manhattan,bsmt,,,,,,
153,63476233,2700,"300 - Rescue, EMS incident, other",2018-06-30 22:05:04,2018-06-30 22:08:37,1.0,2018-06-30 22:53:19,11 - First Alarm,2895,"00 - Action taken, other",,,UUU - Undetermined,INTERVALE AVE,10459,2 - Bronx,,,,,,,
154,63476237,2895,"500 - Service Call, other",2018-06-30 22:04:52,,,2018-06-30 22:22:00,11 - First Alarm,1028,"00 - Action taken, other",,,"960 - Street, other",MORRISON AVE,10472,2 - Bronx,,,,,,,
155,63476234,2205,"300 - Rescue, EMS incident, other",2018-06-30 22:04:27,2018-06-30 22:09:37,1.0,2018-06-30 23:12:43,11 - First Alarm,4096,"00 - Action taken, other",,,UUU - Undetermined,SAINT ANNS AVE,10455,2 - Bronx,,,,,,,
156,63476226,1336,"300 - Rescue, EMS incident, other",2018-06-30 22:04:17,2018-06-30 22:08:40,1.0,2018-06-30 22:16:45,11 - First Alarm,748,"00 - Action taken, other",,,UUU - Undetermined,CENTRAL PARK N,10026,1 - Manhattan,,,,,,,
157,63476224,257,"300 - Rescue, EMS incident, other",2018-06-30 22:03:48,2018-06-30 22:08:13,1.0,2018-06-30 22:14:53,11 - First Alarm,665,"00 - Action taken, other",,,UUU - Undetermined,GRAND ST,10002,1 - Manhattan,,,,,,,
158,63476221,369,"300 - Rescue, EMS incident, other",2018-06-30 22:03:40,2018-06-30 22:06:49,1.0,2018-06-30 22:28:37,11 - First Alarm,1497,"00 - Action taken, other",,,UUU - Undetermined,NOSTRAND AVE,11206,4 - Brooklyn,,,,,,,
159,63476222,1040,323 - Motor vehicle/pedestrian accident (MV Ped),2018-06-30 22:03:06,2018-06-30 22:06:45,7.0,2018-06-30 22:24:42,11 - First Alarm,1296,48 - Remove hazardous materials,78 - Control traffic,86 - Investigate,419 - 1 or 2 family dwelling,RHINE AVE,10304,3 - Staten Island,ground,,,,,,
160,63476211,74,"300 - Rescue, EMS incident, other",2018-06-30 22:01:48,2018-06-30 22:06:17,1.0,2018-06-30 22:14:26,11 - First Alarm,758,"00 - Action taken, other",,,UUU - Undetermined,DUPONT ST,11222,4 - Brooklyn,,,,,,,
161,63476206,3289,735A - Unwarranted alarm/defective condition of alarm system,2018-06-30 22:00:40,2018-06-30 22:04:51,1.0,2018-06-30 22:15:25,11 - First Alarm,885,86 - Investigate,,,UUU - Undetermined,EMMONS AVE,11235,4 - Brooklyn,,,,,,,
162,63476207,2310,522 - Water or steam leak,2018-06-30 22:00:29,2018-06-30 22:05:20,1.0,2018-06-30 22:23:58,11 - First Alarm,1409,64 - Shut down system,,,429 - Multifamily dwelling,E 158 ST,10451,2 - Bronx,2d,,,,,,
163,63476197,4403,"300 - Rescue, EMS incident, other",2018-06-30 21:59:59,2018-06-30 22:05:34,1.0,2018-06-30 22:37:24,11 - First Alarm,2245,"00 - Action taken, other",,,UUU - Undetermined,HAMMERSLEY AVE,10469,2 - Bronx,,,,,,,
164,63476195,3568,"300 - Rescue, EMS incident, other",2018-06-30 21:59:56,2018-06-30 22:07:18,1.0,2018-06-30 22:16:04,11 - First Alarm,968,"00 - Action taken, other",,,UUU - Undetermined,E MOSHOLU PKWY N,10467,2 - Bronx,,,,,,,
165,63476200,3728,"710 - Malicious, mischievous false call, other",2018-06-30 21:59:38,2018-06-30 22:04:28,1.0,2018-06-30 22:06:23,11 - First Alarm,405,"00 - Action taken, other",,,UUU - Undetermined,ALBEMARLE RD,11226,4 - Brooklyn,,,,,,,
166,63476196,2942,353 - Removal of victim(s) from stalled elevator,2018-06-30 21:59:35,2018-06-30 22:03:37,1.0,2018-06-30 22:12:14,11 - First Alarm,759,64 - Shut down system,,,419 - 1 or 2 family dwelling,CROTONA PARK N,10457,2 - Bronx,1,,,,,,
167,63476194,192,424 - Carbon monoxide incident,2018-06-30 21:59:31,2018-06-30 22:05:21,1.0,2018-06-30 22:22:01,11 - First Alarm,1350,"42 - HazMat detection, monitoring, sampling, & analysis",55 - Establish safe area,,429 - Multifamily dwelling,CENTRE ST,10013,1 - Manhattan,8,Yes,,,,,
168,63476185,3664,"300 - Rescue, EMS incident, other",2018-06-30 21:58:37,2018-06-30 22:03:03,1.0,2018-06-30 22:58:51,11 - First Alarm,3614,"00 - Action taken, other",,,UUU - Undetermined,E 218 ST,10469,2 - Bronx,,,,,,,
169,63476188,5455,"650 - Steam, other gas mistaken for smoke, other",2018-06-30 21:58:28,2018-06-30 22:02:51,2.0,2018-06-30 22:11:50,11 - First Alarm,802,21 - Search,,,"962 - Residential street, road or residential driveway",HILLSIDE AVE CQ,11427,5 - Queens,,,,,,,
170,63476187,1482,"600 - Good intent call, other",2018-06-30 21:58:17,2018-06-30 22:02:07,1.0,2018-06-30 23:10:35,11 - First Alarm,4338,"00 - Action taken, other",,,UUU - Undetermined,EAST RIV,10035,1 - Manhattan,,,,,,,
171,63476184,2185,353 - Removal of victim(s) from stalled elevator,2018-06-30 21:58:11,2018-06-30 22:00:52,1.0,2018-06-30 22:07:20,11 - First Alarm,549,64 - Shut down system,,,429 - Multifamily dwelling,E 143 ST,10451,2 - Bronx,,,,,,,
172,63476175,2008,"300 - Rescue, EMS incident, other",2018-06-30 21:57:33,2018-06-30 22:02:20,1.0,2018-06-30 22:10:18,11 - First Alarm,765,"00 - Action taken, other",,,UUU - Undetermined,CROSS BAY BLVD,11417,5 - Queens,,,,,,,
173,63476171,1249,"746 - Carbon monoxide detector activation, no CO",2018-06-30 21:56:46,2018-06-30 22:01:46,2.0,2018-06-30 22:16:09,11 - First Alarm,1163,"42 - HazMat detection, monitoring, sampling, & analysis",51 - Ventilate,86 - Investigate,429 - Multifamily dwelling,E 98 ST,10029,1 - Manhattan,3,Yes,,,,,
174,63476169,1150,735A - Unwarranted alarm/defective condition of alarm system,2018-06-30 21:56:20,2018-06-30 22:00:51,4.0,2018-06-30 22:16:39,11 - First Alarm,1219,86 - Investigate,,,UUU - Undetermined,SHORE RD,11209,4 - Brooklyn,,,,,,,
175,63476164,3558,"300 - Rescue, EMS incident, other",2018-06-30 21:56:15,2018-06-30 21:58:33,1.0,2018-06-30 22:06:37,11 - First Alarm,622,"00 - Action taken, other",,,UUU - Undetermined,STILLWELL AVE,11224,4 - Brooklyn,,,,,,,
176,63476168,2814,"555 - Defective elevator, no occupants",2018-06-30 21:56:05,2018-06-30 22:06:39,1.0,2018-06-30 22:29:59,11 - First Alarm,2034,45 - Remove hazard,,,429 - Multifamily dwelling,STORY AVE,10473,2 - Bronx,,,,,,,
177,63476159,1154,"300 - Rescue, EMS incident, other",2018-06-30 21:55:38,2018-06-30 21:58:55,1.0,2018-06-30 22:03:15,11 - First Alarm,457,"00 - Action taken, other",,,UUU - Undetermined,W 85 ST,10024,1 - Manhattan,,,,,,,
178,63476160,128,353 - Removal of victim(s) from stalled elevator,2018-06-30 21:55:23,2018-06-30 22:01:23,1.0,2018-06-30 22:07:58,11 - First Alarm,755,64 - Shut down system,"22 - Rescue, remove from harm",81 - Incident command,429 - Multifamily dwelling,N 5 ST,11211,4 - Brooklyn,2,,,,,,
179,63476151,2605,"710 - Malicious, mischievous false call, other",2018-06-30 21:53:39,2018-06-30 21:57:58,2.0,2018-06-30 22:02:46,11 - First Alarm,547,"00 - Action taken, other",,,UUU - Undetermined,SURF DR,10473,2 - Bronx,,,,,,,
180,63476147,379,"300 - Rescue, EMS incident, other",2018-06-30 21:53:00,2018-06-30 21:57:45,1.0,2018-06-30 22:12:39,11 - First Alarm,1179,"00 - Action taken, other",,,UUU - Undetermined,BEDFORD ST,10014,1 - Manhattan,,,,,,,
181,63476144,4192,323 - Motor vehicle/pedestrian accident (MV Ped),2018-06-30 21:52:45,2018-06-30 21:55:57,2.0,2018-06-30 22:34:54,11 - First Alarm,2529,48 - Remove hazardous materials,78 - Control traffic,86 - Investigate,"962 - Residential street, road or residential driveway",FRESH POND RD,11385,5 - Queens,,,,,,,
182,63476140,769,"300 - Rescue, EMS incident, other",2018-06-30 21:51:32,2018-06-30 21:56:55,1.0,2018-06-30 22:10:54,11 - First Alarm,1162,"00 - Action taken, other",,,UUU - Undetermined,MENAHAN ST,11237,4 - Brooklyn,,,,,,,
183,63476136,929,"300 - Rescue, EMS incident, other",2018-06-30 21:49:46,2018-06-30 22:01:18,1.0,2018-06-30 22:08:58,11 - First Alarm,1152,"00 - Action taken, other",,,UUU - Undetermined,W 59 ST,10019,1 - Manhattan,,,,,,,
184,63476137,2960,"300 - Rescue, EMS incident, other",2018-06-30 21:49:30,2018-06-30 21:55:06,1.0,2018-06-30 22:12:15,11 - First Alarm,1365,"00 - Action taken, other",,,UUU - Undetermined,DEFAULT RECORD FOR SF,10457,2 - Bronx,,,,,,,
185,63476131,1337,"300 - Rescue, EMS incident, other",2018-06-30 21:48:42,2018-06-30 21:52:47,1.0,2018-06-30 22:11:20,11 - First Alarm,1358,"00 - Action taken, other",,,UUU - Undetermined,BUSH ST,11231,4 - Brooklyn,,,,,,,
186,63476134,798,"300 - Rescue, EMS incident, other",2018-06-30 21:48:41,2018-06-30 21:53:01,1.0,2018-06-30 22:07:56,11 - First Alarm,1155,"00 - Action taken, other",,,UUU - Undetermined,RS01,10036,1 - Manhattan,,,,,,,
187,63476130,2355,323 - Motor vehicle/pedestrian accident (MV Ped),2018-06-30 21:48:06,2018-06-30 21:56:09,1.0,2018-06-30 22:29:00,11 - First Alarm,2454,48 - Remove hazardous materials,78 - Control traffic,86 - Investigate,"960 - Street, other",E 83 ST,11236,4 - Brooklyn,,,,,,,
188,63476129,653,736 - CO detector activation due to malfunction,2018-06-30 21:47:57,2018-06-30 21:52:36,2.0,2018-06-30 22:05:20,11 - First Alarm,1043,"00 - Action taken, other",,,UUU - Undetermined,LAFAYETTE AVE,11205,4 - Brooklyn,,,,,,,
189,63476123,209,"300 - Rescue, EMS incident, other",2018-06-30 21:46:18,2018-06-30 21:49:21,1.0,2018-06-30 21:58:37,11 - First Alarm,739,"00 - Action taken, other",,,UUU - Undetermined,BROADWAY,11211,4 - Brooklyn,,,,,,,
190,63476124,2643,353 - Removal of victim(s) from stalled elevator,2018-06-30 21:46:07,2018-06-30 21:55:32,1.0,2018-06-30 22:05:33,11 - First Alarm,1166,64 - Shut down system,,,429 - Multifamily dwelling,LACOMBE AVE,10473,2 - Bronx,Lobby,,,,,,
191,63476121,2677,412 - Gas leak (natural gas or LPG),2018-06-30 21:45:33,2018-06-30 21:50:59,4.0,2018-06-30 22:05:29,11 - First Alarm,1196,44 - Hazardous materials leak control & containment,64 - Shut down system,82 - Notify other agencies.,429 - Multifamily dwelling,BRUCKNER BLVD         NB,10472,2 - Bronx,6th,,,,,,
192,63476110,3185,353 - Removal of victim(s) from stalled elevator,2018-06-30 21:43:37,2018-06-30 21:48:44,1.0,2018-06-30 21:56:40,11 - First Alarm,783,64 - Shut down system,,,"400 - Residential, other",GRAND AVE,10453,2 - Bronx,,,,,,,
193,63476108,2929,424 - Carbon monoxide incident,2018-06-30 21:43:05,2018-06-30 21:48:49,2.0,2018-06-30 22:04:34,11 - First Alarm,1289,"42 - HazMat detection, monitoring, sampling, & analysis",55 - Establish safe area,,429 - Multifamily dwelling,UNIVERSITY AVE,10453,2 - Bronx,,Yes,,,,,
194,63476107,1538,"651 - Smoke scare, odor of smoke",2018-06-30 21:42:27,2018-06-30 21:47:13,5.0,2018-06-30 21:59:43,11 - First Alarm,1036,"00 - Action taken, other",,,UUU - Undetermined,5 AVE,10037,1 - Manhattan,,,,,,,
195,63476104,2940,"300 - Rescue, EMS incident, other",2018-06-30 21:42:04,2018-06-30 21:46:58,1.0,2018-06-30 22:01:49,11 - First Alarm,1185,"00 - Action taken, other",,,UUU - Undetermined,AVEK,11230,4 - Brooklyn,,,,,,,
196,63476098,2225,522 - Water or steam leak,2018-06-30 21:41:00,2018-06-30 21:47:24,1.0,2018-06-30 21:54:34,11 - First Alarm,814,64 - Shut down system,,,429 - Multifamily dwelling,E 149 ST,10455,2 - Bronx,3,,,,,,
197,63476099,1494,622 - No incident found on arrival at dispatch address,2018-06-30 21:40:47,2018-06-30 21:45:41,1.0,2018-06-30 21:50:54,11 - First Alarm,607,86 - Investigate,81 - Incident command,"00 - Action taken, other",429 - Multifamily dwelling,W 126 ST,10027,1 - Manhattan,2,,,,,,
198,63476100,2739,"311 - Medical assist, assist EMS crew",2018-06-30 21:40:42,,,2018-06-30 22:34:19,11 - First Alarm,3217,302 - Provide Patient Care,31 - Provide first aid & check for injuries,,888 - Fire station,E242,11209,4 - Brooklyn,1,,,,,,
199,63476097,1150,735A - Unwarranted alarm/defective condition of alarm system,2018-06-30 21:40:18,2018-06-30 21:44:50,3.0,2018-06-30 21:55:05,11 - First Alarm,887,86 - Investigate,,,UUU - Undetermined,SHORE RD,11209,4 - Brooklyn,,,,,,,
200,63476095,422,"300 - Rescue, EMS incident, other",2018-06-30 21:39:48,2018-06-30 21:44:16,1.0,2018-06-30 22:12:04,11 - First Alarm,1936,"00 - Action taken, other",,,UUU - Undetermined,2 AVE,10003,1 - Manhattan,,,,,,,
201,63476094,2642,353 - Removal of victim(s) from stalled elevator,2018-06-30 21:39:00,2018-06-30 21:43:59,1.0,2018-06-30 21:51:53,11 - First Alarm,773,86 - Investigate,45 - Remove hazard,64 - Shut down system,429 - Multifamily dwelling,COMMONWEALTH AVE,10473,2 - Bronx,4th,,,,,,
202,63476093,358,736 - CO detector activation due to malfunction,2018-06-30 21:38:32,2018-06-30 21:42:07,2.0,2018-06-30 21:50:06,11 - First Alarm,694,"00 - Action taken, other",,,UUU - Undetermined,BLEECKER ST,10012,1 - Manhattan,,,,,,,
203,63476091,1573,"300 - Rescue, EMS incident, other",2018-06-30 21:38:20,2018-06-30 21:41:44,1.0,2018-06-30 22:10:19,11 - First Alarm,1919,"00 - Action taken, other",,,UUU - Undetermined,CHURCH AVE,11226,4 - Brooklyn,,,,,,,
204,63476088,3580,"746 - Carbon monoxide detector activation, no CO",2018-06-30 21:37:33,2018-06-30 21:43:44,2.0,2018-06-30 21:54:07,11 - First Alarm,994,"42 - HazMat detection, monitoring, sampling, & analysis",51 - Ventilate,86 - Investigate,429 - Multifamily dwelling,DEKALB AVE,10467,2 - Bronx,,Yes,,,,,
205,63476084,1136,"300 - Rescue, EMS incident, other",2018-06-30 21:37:11,2018-06-30 21:41:45,1.0,2018-06-30 21:57:46,11 - First Alarm,1235,"00 - Action taken, other",,,UUU - Undetermined,BEACH 17 ST,11691,5 - Queens,,,,,,,
206,63476086,1022,"311 - Medical assist, assist EMS crew",2018-06-30 21:36:49,2018-06-30 21:42:52,1.0,2018-06-30 21:44:18,11 - First Alarm,449,302 - Provide Patient Care,31 - Provide first aid & check for injuries,,419 - 1 or 2 family dwelling,PIERCE ST,10304,3 - Staten Island,,,,,,,
207,63476081,7416,"300 - Rescue, EMS incident, other",2018-06-30 21:36:35,2018-06-30 21:43:09,1.0,2018-06-30 21:50:12,11 - First Alarm,817,"00 - Action taken, other",,,UUU - Undetermined,STEINWAY ST,11103,5 - Queens,,,,,,,
208,63476075,1359,736 - CO detector activation due to malfunction,2018-06-30 21:34:01,2018-06-30 21:40:14,2.0,2018-06-30 21:47:37,11 - First Alarm,816,"00 - Action taken, other",,,UUU - Undetermined,BIDWELL AVE,10314,3 - Staten Island,,,,,,,
209,63476071,311,522 - Water or steam leak,2018-06-30 21:32:52,2018-06-30 21:38:23,1.0,2018-06-30 21:51:28,11 - First Alarm,1116,64 - Shut down system,,,429 - Multifamily dwelling,CLYMER ST,11211,4 - Brooklyn,,,,,,,
210,63476070,5227,511 - Lock-out,2018-06-30 21:32:45,2018-06-30 21:43:00,1.0,2018-06-30 21:47:05,11 - First Alarm,860,"70 - Assistance, other",,,"962 - Residential street, road or residential driveway",135 AVE,11420,5 - Queens,,,,,,,
211,63476067,265,"555 - Defective elevator, no occupants",2018-06-30 21:32:30,2018-06-30 21:36:35,1.0,2018-06-30 21:42:08,11 - First Alarm,578,45 - Remove hazard,,,429 - Multifamily dwelling,BROOME ST,10002,1 - Manhattan,Lobby,,,,,,
212,63476066,7940,353 - Removal of victim(s) from stalled elevator,2018-06-30 21:32:11,2018-06-30 21:37:55,1.0,2018-06-30 21:53:08,11 - First Alarm,1257,64 - Shut down system,86 - Investigate,84 - Refer to proper authority,429 - Multifamily dwelling,BRITTON AVE,11373,5 - Queens,2,,,,,,
213,63476064,4798,"300 - Rescue, EMS incident, other",2018-06-30 21:31:56,2018-06-30 21:36:51,1.0,2018-06-30 21:53:03,11 - First Alarm,1267,"00 - Action taken, other",,,UUU - Undetermined,LORING PL N,10468,2 - Bronx,,,,,,,
214,63476061,3024,"300 - Rescue, EMS incident, other",2018-06-30 21:31:19,2018-06-30 21:42:05,1.0,2018-06-30 22:07:31,11 - First Alarm,2172,"00 - Action taken, other",,,UUU - Undetermined,E 22 ST,11210,4 - Brooklyn,,,,,,,
215,63476060,3584,"500 - Service Call, other",2018-06-30 21:30:51,2018-06-30 21:36:20,1.0,2018-06-30 21:46:40,11 - First Alarm,949,86 - Investigate,,,429 - Multifamily dwelling,W 197 ST,10468,2 - Bronx,1,,,,,,
216,63476055,2979,735A - Unwarranted alarm/defective condition of alarm system,2018-06-30 21:29:22,2018-06-30 21:33:59,2.0,2018-06-30 21:41:57,11 - First Alarm,755,86 - Investigate,,,UUU - Undetermined,E 5 ST,11230,4 - Brooklyn,,,,,,,
217,63476048,2151,"555 - Defective elevator, no occupants",2018-06-30 21:28:01,2018-06-30 21:28:33,1.0,2018-06-30 21:31:42,11 - First Alarm,221,45 - Remove hazard,,,429 - Multifamily dwelling,GLENWOOD RD,11236,4 - Brooklyn,4,,,,,,
218,63476049,2773,412 - Gas leak (natural gas or LPG),2018-06-30 21:27:53,2018-06-30 21:32:23,3.0,2018-06-30 21:49:21,11 - First Alarm,1288,44 - Hazardous materials leak control & containment,64 - Shut down system,82 - Notify other agencies.,429 - Multifamily dwelling,MACOMBS RD,10452,2 - Bronx,2,,,,,,
219,63476043,2476,"300 - Rescue, EMS incident, other",2018-06-30 21:27:53,2018-06-30 21:31:10,1.0,2018-06-30 21:41:00,11 - First Alarm,787,"00 - Action taken, other",,,UUU - Undetermined,E 16 ST,11226,4 - Brooklyn,,,,,,,
220,63476041,473,"300 - Rescue, EMS incident, other",2018-06-30 21:27:02,2018-06-30 21:31:54,1.0,2018-06-30 21:44:01,11 - First Alarm,1019,"00 - Action taken, other",,,UUU - Undetermined,FURMAN ST,11201,4 - Brooklyn,,,,,,,
221,63476042,4076,522 - Water or steam leak,2018-06-30 21:26:28,2018-06-30 21:37:15,1.0,2018-06-30 21:53:09,11 - First Alarm,1601,86 - Investigate,55 - Establish safe area,"70 - Assistance, other",429 - Multifamily dwelling,ARDSLEY LOOP,11239,4 - Brooklyn,,,,,,,
222,63476032,7319,"311 - Medical assist, assist EMS crew",2018-06-30 21:25:29,2018-06-30 21:29:21,1.0,2018-06-30 21:38:52,11 - First Alarm,803,"70 - Assistance, other",,,429 - Multifamily dwelling,46 ST,11104,5 - Queens,6,,,,,,
223,63476029,3485,735A - Unwarranted alarm/defective condition of alarm system,2018-06-30 21:24:42,2018-06-30 21:30:09,3.0,2018-06-30 21:49:30,11 - First Alarm,1488,86 - Investigate,,,UUU - Undetermined,BAY PKWY,11214,4 - Brooklyn,,,,,,,
224,63476024,1037,"651 - Smoke scare, odor of smoke",2018-06-30 21:24:01,2018-06-30 21:28:39,2.0,2018-06-30 21:30:53,11 - First Alarm,412,"00 - Action taken, other",,,UUU - Undetermined,BROADWAY,10023,1 - Manhattan,,,,,,,
225,63476025,8050,735A - Unwarranted alarm/defective condition of alarm system,2018-06-30 21:23:49,2018-06-30 21:28:42,2.0,2018-06-30 21:33:47,11 - First Alarm,598,86 - Investigate,,,UUU - Undetermined,BLDG 77 NAVY YARD,11251,4 - Brooklyn,,,,,,,
226,63476021,2411,"151 - Outside rubbish, trash or waste fire",2018-06-30 21:23:22,2018-06-30 21:27:59,1.0,2018-06-30 21:40:12,11 - First Alarm,1010,11 - Extinguishment by fire service personnel,52 - Forcible entry,"112 - Stretch 1 3/4"" line, extinguish fire","213 - Elementary school, including kindergarten",BRYANT AVE,10474,2 - Bronx,,,,,,,
227,63476016,2938,"300 - Rescue, EMS incident, other",2018-06-30 21:22:43,2018-06-30 21:28:34,2.0,2018-06-30 21:41:36,11 - First Alarm,1133,"00 - Action taken, other",,,UUU - Undetermined,E 13 ST,11230,4 - Brooklyn,,,,,,,
228,63476015,1726,"300 - Rescue, EMS incident, other",2018-06-30 21:22:39,2018-06-30 21:26:15,1.0,2018-06-30 22:13:55,11 - First Alarm,3076,"00 - Action taken, other",,,UUU - Undetermined,W 177 ST,10033,1 - Manhattan,,,,,,,
229,63476013,1266,"113 - Cooking fire, confined to container",2018-06-30 21:21:52,2018-06-30 21:25:16,5.0,2018-06-30 21:41:12,11 - First Alarm,1160,11 - Extinguishment by fire service personnel,51 - Ventilate,,429 - Multifamily dwelling,COLUMBUS AVE,10025,1 - Manhattan,18,,,,,,
230,63476008,124,"300 - Rescue, EMS incident, other",2018-06-30 21:21:21,2018-06-30 21:27:56,1.0,2018-06-30 22:11:32,11 - First Alarm,3011,"00 - Action taken, other",,,UUU - Undetermined,ST JAMES PL,10038,1 - Manhattan,,,,,,,
231,63476007,3428,731 - Sprinkler activation due to malfunction,2018-06-30 21:20:44,2018-06-30 21:26:34,6.0,2018-06-30 21:38:51,11 - First Alarm,1087,86 - Investigate,,,"311 - 24-hour care Nursing homes, 4 or more persons",27 AVE,11214,4 - Brooklyn,basement,,,,,,
232,63476004,1553,"651 - Smoke scare, odor of smoke",2018-06-30 21:20:44,2018-06-30 21:25:50,4.0,2018-06-30 21:32:59,11 - First Alarm,735,"00 - Action taken, other",,,UUU - Undetermined,SNYDER AVE,11226,4 - Brooklyn,,,,,,,
233,63476002,4081,"651 - Smoke scare, odor of smoke",2018-06-30 21:20:23,2018-06-30 21:23:52,2.0,2018-06-30 22:05:01,11 - First Alarm,2678,"00 - Action taken, other",,,UUU - Undetermined,CALHOUN AVE,10465,2 - Bronx,,,,,,,
234,63475986,7426,"300 - Rescue, EMS incident, other",2018-06-30 21:17:31,2018-06-30 21:21:06,1.0,2018-06-30 21:55:49,11 - First Alarm,2298,"00 - Action taken, other",,,UUU - Undetermined,IRT-2-5-E180 ST,99999,2 - Bronx,,,,,,,
235,63475984,1209,"300 - Rescue, EMS incident, other",2018-06-30 21:16:58,2018-06-30 21:22:05,1.0,2018-06-30 21:29:04,11 - First Alarm,726,"00 - Action taken, other",,,UUU - Undetermined,NORTON AVE,11691,5 - Queens,,,,,,,
236,63475985,240,522 - Water or steam leak,2018-06-30 21:16:46,2018-06-30 21:20:51,1.0,2018-06-30 21:23:16,11 - First Alarm,390,64 - Shut down system,,,"960 - Street, other",S 2 ST,11211,4 - Brooklyn,,,,,,,
237,63475979,2149,353 - Removal of victim(s) from stalled elevator,2018-06-30 21:15:23,2018-06-30 21:20:04,1.0,2018-06-30 21:26:38,11 - First Alarm,675,64 - Shut down system,,,429 - Multifamily dwelling,GLENWOOD RD,11236,4 - Brooklyn,3,,,,,,
238,63475974,4076,"600 - Good intent call, other",2018-06-30 21:14:32,2018-06-30 21:22:45,1.0,2018-06-30 21:24:43,11 - First Alarm,611,86 - Investigate,81 - Incident command,84 - Refer to proper authority,"900 - Outside or special property, other",MARITIME COLLEGE,10465,2 - Bronx,,,,,,,
239,63475970,9665,353 - Removal of victim(s) from stalled elevator,2018-06-30 21:14:20,2018-06-30 21:20:28,1.0,2018-06-30 21:36:35,11 - First Alarm,1335,64 - Shut down system,"22 - Rescue, remove from harm",,429 - Multifamily dwelling,120 ST,11415,5 - Queens,4,,,,,,
240,63475952,1477,"300 - Rescue, EMS incident, other",2018-06-30 21:11:02,2018-06-30 21:17:48,1.0,2018-06-30 21:26:55,11 - First Alarm,953,"00 - Action taken, other",,,UUU - Undetermined,W 125 ST,10027,1 - Manhattan,,,,,,,
241,63475950,4033,"300 - Rescue, EMS incident, other",2018-06-30 21:10:32,2018-06-30 21:13:45,1.0,2018-06-30 21:27:46,11 - First Alarm,1034,"00 - Action taken, other",,,UUU - Undetermined,RATHBUN AVE,10309,3 - Staten Island,,,,,,,
242,63475947,292,"300 - Rescue, EMS incident, other",2018-06-30 21:10:10,2018-06-30 21:14:11,1.0,2018-06-30 21:29:27,11 - First Alarm,1157,"00 - Action taken, other",,,UUU - Undetermined,COLUMBIA ST,10002,1 - Manhattan,,,,,,,
243,63475945,1247,5001 - Cable / Telephone Wires Down,2018-06-30 21:09:51,2018-06-30 21:15:29,1.0,2018-06-30 21:28:17,11 - First Alarm,1106,45 - Remove hazard,55 - Establish safe area,,429 - Multifamily dwelling,E 97 ST,10029,1 - Manhattan,6,,,,,,
244,63475948,908,735A - Unwarranted alarm/defective condition of alarm system,2018-06-30 21:09:23,2018-06-30 21:15:39,5.0,2018-06-30 21:56:33,11 - First Alarm,2830,86 - Investigate,,,UUU - Undetermined,AVE OF AMERICAS,10019,1 - Manhattan,,,,,,,
245,63475939,2145,"300 - Rescue, EMS incident, other",2018-06-30 21:08:11,2018-06-30 21:11:55,1.0,2018-06-30 22:08:51,11 - First Alarm,3640,"00 - Action taken, other",,,UUU - Undetermined,E 138 ST,10454,2 - Bronx,,,,,,,
246,63475936,1383,"500 - Service Call, other",2018-06-30 21:07:36,,,2018-06-30 21:09:09,11 - First Alarm,93,45 - Remove hazard,,,"400 - Residential, other",L137,11694,5 - Queens,,,,,,,
247,63475934,9236,323 - Motor vehicle/pedestrian accident (MV Ped),2018-06-30 21:06:39,2018-06-30 21:10:10,1.0,2018-06-30 21:11:57,11 - First Alarm,318,48 - Remove hazardous materials,78 - Control traffic,86 - Investigate,"960 - Street, other",E324,11368,5 - Queens,,,,,,,
248,63475931,2106,622 - No incident found on arrival at dispatch address,2018-06-30 21:05:59,2018-06-30 21:11:17,5.0,2018-06-30 21:33:47,11 - First Alarm,1668,86 - Investigate,,,"941 - Open ocean, sea or tidal waters",E 132 ST,10454,2 - Bronx,,,,,,,
249,63475925,1261,"300 - Rescue, EMS incident, other",2018-06-30 21:04:57,2018-06-30 21:09:42,1.0,2018-06-30 21:25:23,11 - First Alarm,1226,"00 - Action taken, other",,,UUU - Undetermined,BEVERLY RD,10305,3 - Staten Island,,,,,,,
250,63475923,3540,"555 - Defective elevator, no occupants",2018-06-30 21:04:09,2018-06-30 21:17:48,1.0,2018-06-30 21:19:14,11 - First Alarm,905,45 - Remove hazard,,,429 - Multifamily dwelling,W 25 ST,11224,4 - Brooklyn,lobby,,,,,,
251,63475914,9374,522 - Water or steam leak,2018-06-30 21:03:39,2018-06-30 21:08:30,1.0,2018-06-30 21:15:58,11 - First Alarm,739,64 - Shut down system,,,"962 - Residential street, road or residential driveway",103 ST,11368,5 - Queens,,,,,,,
252,63475904,1156,4001 - Tree/branch removal or cutting,2018-06-30 21:02:50,2018-06-30 21:11:26,1.0,2018-06-30 21:16:47,11 - First Alarm,837,45 - Remove hazard,55 - Establish safe area,,"960 - Street, other",83 ST,11209,4 - Brooklyn,,,,,,,
253,63475899,4982,"651 - Smoke scare, odor of smoke",2018-06-30 21:02:20,2018-06-30 21:04:34,2.0,2018-06-30 21:16:28,11 - First Alarm,848,"00 - Action taken, other",,,UUU - Undetermined,SPRINGFIELD LA,11413,5 - Queens,,,,,,,
254,63475892,1377,"520 - Water problem, other",2018-06-30 21:01:50,,,2018-06-30 21:05:30,11 - First Alarm,220,45 - Remove hazard,,,419 - 1 or 2 family dwelling,BEACH 114 ST,11694,5 - Queens,1,,,,,,
255,63475884,3316,"300 - Rescue, EMS incident, other",2018-06-30 21:01:23,2018-06-30 21:07:19,1.0,2018-06-30 21:30:15,11 - First Alarm,1732,"00 - Action taken, other",,,UUU - Undetermined,FORDHAM HILL OVAL,10468,2 - Bronx,,,,,,,
256,63475886,3464,353 - Removal of victim(s) from stalled elevator,2018-06-30 21:01:22,2018-06-30 21:06:30,1.0,2018-06-30 21:20:45,11 - First Alarm,1163,64 - Shut down system,,,429 - Multifamily dwelling,WHITE PLAINS RD,10467,2 - Bronx,3,,,,,,
257,63475881,1668,353 - Removal of victim(s) from stalled elevator,2018-06-30 21:01:04,2018-06-30 21:06:42,1.0,2018-06-30 21:26:09,11 - First Alarm,1505,64 - Shut down system,,,429 - Multifamily dwelling,LIVONIA AVE,11212,4 - Brooklyn,9/Lobby,,,,,,
258,63475877,1187,"300 - Rescue, EMS incident, other",2018-06-30 21:00:57,2018-06-30 21:05:20,1.0,2018-06-30 21:17:46,11 - First Alarm,1009,"00 - Action taken, other",,,UUU - Undetermined,SHORE RD,11209,4 - Brooklyn,,,,,,,
259,63475882,1776,"113 - Cooking fire, confined to container",2018-06-30 21:00:49,2018-06-30 21:05:11,5.0,2018-06-30 21:20:23,11 - First Alarm,1174,11 - Extinguishment by fire service personnel,,,429 - Multifamily dwelling,WADSWORTH AVE,10040,1 - Manhattan,1,,,,,,
260,63475873,1720,"300 - Rescue, EMS incident, other",2018-06-30 21:00:03,2018-06-30 21:03:51,1.0,2018-06-30 21:14:59,11 - First Alarm,896,"00 - Action taken, other",,,UUU - Undetermined,WILLIAMS AVE,11207,4 - Brooklyn,,,,,,,
261,63475874,85,522 - Water or steam leak,2018-06-30 20:59:51,2018-06-30 21:03:55,1.0,2018-06-30 21:07:31,11 - First Alarm,460,64 - Shut down system,,,"960 - Street, other",STANLEY AVE,10301,3 - Staten Island,,,,,,,
262,63475872,1920,"300 - Rescue, EMS incident, other",2018-06-30 20:59:31,2018-06-30 21:03:15,1.0,2018-06-30 21:08:25,11 - First Alarm,534,"00 - Action taken, other",,,UUU - Undetermined,FOUNTAIN AVE,11208,4 - Brooklyn,,,,,,,
263,63475870,2212,"300 - Rescue, EMS incident, other",2018-06-30 20:59:17,2018-06-30 21:03:27,1.0,2018-06-30 21:11:06,11 - First Alarm,709,"00 - Action taken, other",,,UUU - Undetermined,E 147 ST,10455,2 - Bronx,,,,,,,
264,63475866,3370,"300 - Rescue, EMS incident, other",2018-06-30 20:58:07,2018-06-30 21:00:50,1.0,2018-06-30 22:03:25,11 - First Alarm,3918,"00 - Action taken, other",,,UUU - Undetermined,WEBSTER AVE,10458,2 - Bronx,,,,,,,
265,63475862,2748,736 - CO detector activation due to malfunction,2018-06-30 20:56:42,2018-06-30 21:01:05,2.0,2018-06-30 21:07:54,11 - First Alarm,672,"00 - Action taken, other",,,UUU - Undetermined,WASHINGTON AVE,10456,2 - Bronx,,,,,,,
266,63475859,2667,"300 - Rescue, EMS incident, other",2018-06-30 20:56:18,2018-06-30 21:00:05,1.0,2018-06-30 21:06:26,11 - First Alarm,608,"00 - Action taken, other",,,UUU - Undetermined,4 AVE,11220,4 - Brooklyn,,,,,,,
267,63475856,1379,"300 - Rescue, EMS incident, other",2018-06-30 20:54:55,2018-06-30 20:57:15,1.0,2018-06-30 21:13:39,11 - First Alarm,1124,"00 - Action taken, other",,,UUU - Undetermined,BEACH 116 ST,11694,5 - Queens,,,,,,,
268,63475848,1464,"510 - Person in distress, other",2018-06-30 20:53:48,2018-06-30 21:16:42,1.0,2018-06-30 21:29:32,11 - First Alarm,2144,"00 - Action taken, other",,,"941 - Open ocean, sea or tidal waters",BEACH 193 ST,11697,5 - Queens,,,,,,,
269,63475852,1554,"710 - Malicious, mischievous false call, other",2018-06-30 20:53:45,2018-06-30 20:58:19,1.0,2018-06-30 21:01:19,11 - First Alarm,454,"00 - Action taken, other",,,UUU - Undetermined,FLATBUSH AVE,11226,4 - Brooklyn,,,,,,,
270,63475850,1029,5001 - Cable / Telephone Wires Down,2018-06-30 20:53:32,2018-06-30 21:00:05,1.0,2018-06-30 21:05:25,11 - First Alarm,713,45 - Remove hazard,55 - Establish safe area,,"960 - Street, other",MIDWOOD ST,11203,4 - Brooklyn,,,,,,,
271,63475847,3959,735A - Unwarranted alarm/defective condition of alarm system,2018-06-30 20:53:00,2018-06-30 20:57:16,1.0,2018-06-30 21:00:23,11 - First Alarm,443,86 - Investigate,63 - Restore fire alarm system,,"210 - Schools, non-adult, other",PARKSIDE AVE,11226,4 - Brooklyn,,,,,,,
272,63475860,2077,"300 - Rescue, EMS incident, other",2018-06-30 20:52:59,2018-06-30 20:59:14,1.0,2018-06-30 21:00:07,11 - First Alarm,428,"00 - Action taken, other",,,UUU - Undetermined,BELMONT AVE,11208,4 - Brooklyn,,,,,,,
273,63475843,3760,"744 - Detector activation, no fire - unintentional",2018-06-30 20:52:00,2018-06-30 20:55:57,2.0,2018-06-30 20:59:35,11 - First Alarm,455,86 - Investigate,,,429 - Multifamily dwelling,EASTERN PKWY,11233,4 - Brooklyn,2,,,,,,
274,63475842,3504,522 - Water or steam leak,2018-06-30 20:51:26,2018-06-30 21:06:08,1.0,2018-06-30 21:12:34,11 - First Alarm,1268,64 - Shut down system,,,"962 - Residential street, road or residential driveway",ALBANY CRES,10463,2 - Bronx,,,,,,,
275,63475829,5831,"300 - Rescue, EMS incident, other",2018-06-30 20:48:47,2018-06-30 20:54:47,1.0,2018-06-30 21:00:53,11 - First Alarm,726,"00 - Action taken, other",,,UUU - Undetermined,135 AVE,11413,5 - Queens,,,,,,,
276,63475827,1953,412 - Gas leak (natural gas or LPG),2018-06-30 20:47:44,2018-06-30 20:52:23,3.0,2018-06-30 21:00:23,11 - First Alarm,759,44 - Hazardous materials leak control & containment,64 - Shut down system,82 - Notify other agencies.,429 - Multifamily dwelling,COZINE AVE,11207,4 - Brooklyn,3,,,,,,
277,63475824,4723,522 - Water or steam leak,2018-06-30 20:47:33,2018-06-30 20:52:28,1.0,2018-06-30 21:07:24,11 - First Alarm,1191,86 - Investigate,82 - Notify other agencies.,,429 - Multifamily dwelling,RICHMAN PLZ,10453,2 - Bronx,2,,,,,,
278,63475821,2077,"300 - Rescue, EMS incident, other",2018-06-30 20:47:00,2018-06-30 20:52:59,1.0,2018-06-30 20:54:55,11 - First Alarm,475,"00 - Action taken, other",,,UUU - Undetermined,77 ST,11416,5 - Queens,,,,,,,
279,63475817,359,"300 - Rescue, EMS incident, other",2018-06-30 20:45:09,2018-06-30 20:49:01,1.0,2018-06-30 21:08:02,11 - First Alarm,1373,"00 - Action taken, other",,,UUU - Undetermined,THOMPSON ST,10012,1 - Manhattan,,,,,,,
280,63475812,2828,"300 - Rescue, EMS incident, other",2018-06-30 20:43:47,2018-06-30 20:47:20,1.0,2018-06-30 21:46:55,11 - First Alarm,3788,"00 - Action taken, other",,,UUU - Undetermined,BRUCKNER BLVD         SB,10473,2 - Bronx,,,,,,,
281,63475815,3908,"710 - Malicious, mischievous false call, other",2018-06-30 20:43:35,2018-06-30 20:47:49,1.0,2018-06-30 20:49:25,11 - First Alarm,350,"00 - Action taken, other",,,UUU - Undetermined,DEFAULT RECORD FOR SF,11203,4 - Brooklyn,,,,,,,
282,63475804,3073,"520 - Water problem, other",2018-06-30 20:42:56,2018-06-30 20:50:24,1.0,2018-06-30 20:54:20,11 - First Alarm,684,"00 - Action taken, other",,,581 - Department or discount store,AVE U,11234,4 - Brooklyn,,,,,,,
283,63475803,1191,"116 - Fuel burner/boiler malfunction, fire confined",2018-06-30 20:42:12,2018-06-30 20:45:56,6.0,2018-06-30 21:01:14,11 - First Alarm,1142,21 - Search,51 - Ventilate,64 - Shut down system,429 - Multifamily dwelling,E 89 ST,10128,1 - Manhattan,bsmnt,,,,,,
284,63475796,1529,"445 - Arcing, shorted electrical equipment",2018-06-30 20:41:19,2018-06-30 20:45:31,6.0,2018-06-30 21:02:59,11 - First Alarm,1300,82 - Notify other agencies.,,,429 - Multifamily dwelling,OLD BROADWAY,10027,1 - Manhattan,10,,,,,,
285,63475798,3479,"300 - Rescue, EMS incident, other",2018-06-30 20:41:19,2018-06-30 20:45:26,1.0,2018-06-30 20:59:59,11 - First Alarm,1120,"00 - Action taken, other",,,UUU - Undetermined,MR08,10308,3 - Staten Island,,,,,,,
286,63475793,2648,"300 - Rescue, EMS incident, other",2018-06-30 20:39:57,2018-06-30 20:45:07,1.0,2018-06-30 21:26:15,11 - First Alarm,2778,"00 - Action taken, other",,,UUU - Undetermined,RANDALL AVE,10473,2 - Bronx,,,,,,,
287,63475792,203,"300 - Rescue, EMS incident, other",2018-06-30 20:39:49,2018-06-30 20:43:51,1.0,2018-06-30 20:55:31,11 - First Alarm,942,"00 - Action taken, other",,,UUU - Undetermined,BOWERY,10002,1 - Manhattan,,,,,,,
288,63475787,5526,"300 - Rescue, EMS incident, other",2018-06-30 20:38:56,2018-06-30 20:44:13,1.0,2018-06-30 20:47:09,11 - First Alarm,493,"00 - Action taken, other",,,UUU - Undetermined,214 ST,11428,5 - Queens,,,,,,,
289,63475780,684,740A - Unnecessary alarm/construction activities,2018-06-30 20:36:28,2018-06-30 20:41:28,3.0,2018-06-30 20:49:31,11 - First Alarm,783,86 - Investigate,,,UUU - Undetermined,1 AVE,10016,1 - Manhattan,,,,,,,
290,63475773,786,"300 - Rescue, EMS incident, other",2018-06-30 20:36:25,2018-06-30 20:40:12,1.0,2018-06-30 20:47:52,11 - First Alarm,687,"00 - Action taken, other",,,UUU - Undetermined,W 42 ST,10036,1 - Manhattan,,,,,,,
291,63475771,811,"300 - Rescue, EMS incident, other",2018-06-30 20:36:20,2018-06-30 20:41:49,1.0,2018-06-30 20:57:29,11 - First Alarm,1269,"00 - Action taken, other",,,UUU - Undetermined,BROADWAY,10036,1 - Manhattan,,,,,,,
292,63475770,2921,352 - Extrication of victim(s) from vehicle,2018-06-30 20:36:01,2018-06-30 20:39:07,4.0,2018-06-30 21:06:22,11 - First Alarm,1821,"23 - Extricate, disentangle",31 - Provide first aid & check for injuries,78 - Control traffic,"960 - Street, other",BAY PKWY,11230,4 - Brooklyn,,,,,,,
293,63475772,7649,"151 - Outside rubbish, trash or waste fire",2018-06-30 20:35:50,2018-06-30 20:41:40,5.0,2018-06-30 20:55:13,11 - First Alarm,1163,11 - Extinguishment by fire service personnel,,,931 - Open land or field,77 ST,11370,5 - Queens,,,,,,,
294,63475775,4463,740A - Unnecessary alarm/construction activities,2018-06-30 20:35:50,2018-06-30 20:40:09,2.0,2018-06-30 20:49:30,11 - First Alarm,820,86 - Investigate,,,UUU - Undetermined,NORTHERN BLVD,11354,5 - Queens,,,,,,,
295,63475767,3881,"300 - Rescue, EMS incident, other",2018-06-30 20:35:48,2018-06-30 20:42:44,1.0,2018-06-30 21:35:36,11 - First Alarm,3588,"00 - Action taken, other",,,UUU - Undetermined,BENSON AVE,11214,4 - Brooklyn,,,,,,,
296,63475763,1627,"300 - Rescue, EMS incident, other",2018-06-30 20:35:35,2018-06-30 20:41:23,1.0,2018-06-30 21:41:22,11 - First Alarm,3947,"00 - Action taken, other",,,UUU - Undetermined,W 145 ST,10030,1 - Manhattan,,,,,,,
297,63475759,3795,"300 - Rescue, EMS incident, other",2018-06-30 20:34:17,2018-06-30 20:39:23,1.0,2018-06-30 21:05:43,11 - First Alarm,1886,"00 - Action taken, other",,,UUU - Undetermined,VAN CORTLANDT PARK S,10463,2 - Bronx,,,,,,,
298,63475756,735,"300 - Rescue, EMS incident, other",2018-06-30 20:33:45,2018-06-30 20:35:17,1.0,2018-06-30 21:04:21,11 - First Alarm,1836,"00 - Action taken, other",,,UUU - Undetermined,WYCKOFF AVE,11237,4 - Brooklyn,,,,,,,
299,63475760,3160,"550 - Public service assistance, other",2018-06-30 20:33:37,2018-06-30 20:40:57,1.0,2018-06-30 20:47:17,11 - First Alarm,820,"00 - Action taken, other",,,419 - 1 or 2 family dwelling,E 57 ST,11234,4 - Brooklyn,1,,,,,,
300,63475751,2229,353 - Removal of victim(s) from stalled elevator,2018-06-30 20:31:36,2018-06-30 20:37:07,1.0,2018-06-30 20:47:07,11 - First Alarm,931,64 - Shut down system,,,429 - Multifamily dwelling,E 149 ST,10454,2 - Bronx,2,,,,,,
301,63475747,2173,"300 - Rescue, EMS incident, other",2018-06-30 20:31:32,2018-06-30 20:35:33,1.0,2018-06-30 21:07:52,11 - First Alarm,2180,"00 - Action taken, other",,,UUU - Undetermined,CYPRESS AVE,10454,2 - Bronx,,,,,,,
302,63475741,2207,"710 - Malicious, mischievous false call, other",2018-06-30 20:29:43,2018-06-30 20:37:14,1.0,2018-06-30 20:38:13,11 - First Alarm,510,"00 - Action taken, other",,,UUU - Undetermined,CHURCH AVE,11236,4 - Brooklyn,,,,,,,
303,63475727,363,"300 - Rescue, EMS incident, other",2018-06-30 20:26:23,2018-06-30 20:29:49,1.0,2018-06-30 20:44:18,11 - First Alarm,1075,"00 - Action taken, other",,,UUU - Undetermined,CLOVE WAY,10301,3 - Staten Island,,,,,,,
304,63475722,1514,"300 - Rescue, EMS incident, other",2018-06-30 20:25:31,2018-06-30 20:29:52,1.0,2018-06-30 20:31:27,11 - First Alarm,356,"00 - Action taken, other",,,UUU - Undetermined,W 129 ST,10027,1 - Manhattan,,,,,,,
305,63475733,1567,611 - Dispatched & canceled en route,2018-06-30 20:25:23,2018-06-30 20:28:21,1.0,2018-06-30 20:35:25,11 - First Alarm,602,93 - Cancelled en route,,,UUU - Undetermined,VERONICA PL,11226,4 - Brooklyn,,,,,,,
306,63475719,1345,"300 - Rescue, EMS incident, other",2018-06-30 20:25:01,2018-06-30 20:28:34,1.0,2018-06-30 20:33:49,11 - First Alarm,528,"00 - Action taken, other",,,UUU - Undetermined,BEACH 96 ST,11693,5 - Queens,,,,,,,
307,63475721,1610,412 - Gas leak (natural gas or LPG),2018-06-30 20:24:39,2018-06-30 20:28:37,3.0,2018-06-30 20:35:24,11 - First Alarm,645,44 - Hazardous materials leak control & containment,64 - Shut down system,82 - Notify other agencies.,429 - Multifamily dwelling,STERLING PL,11213,4 - Brooklyn,,,,,,,
308,63475724,1590,"445 - Arcing, shorted electrical equipment",2018-06-30 20:24:23,2018-06-30 20:29:16,4.0,2018-06-30 20:40:01,11 - First Alarm,938,82 - Notify other agencies.,,,429 - Multifamily dwelling,CHURCH AVE,11203,4 - Brooklyn,1st floor,,,,,,
309,63475720,3425,736 - CO detector activation due to malfunction,2018-06-30 20:24:20,2018-06-30 20:28:43,2.0,2018-06-30 20:38:00,11 - First Alarm,820,"00 - Action taken, other",,,UUU - Undetermined,WARING AVE,10469,2 - Bronx,,,,,,,
310,63475717,173,"710 - Malicious, mischievous false call, other",2018-06-30 20:24:07,2018-06-30 20:29:24,1.0,2018-06-30 20:30:26,11 - First Alarm,379,"00 - Action taken, other",,,UUU - Undetermined,DEFAULT RECORD FOR SF,11222,4 - Brooklyn,,,,,,,
311,63475711,3690,"300 - Rescue, EMS incident, other",2018-06-30 20:21:52,2018-06-30 20:24:33,1.0,2018-06-30 20:26:14,11 - First Alarm,262,"00 - Action taken, other",,,UUU - Undetermined,LEVERETT AVE,10312,3 - Staten Island,,,,,,,
312,63475708,3190,522 - Water or steam leak,2018-06-30 20:20:18,2018-06-30 20:24:53,1.0,2018-06-30 20:41:46,11 - First Alarm,1288,64 - Shut down system,,,429 - Multifamily dwelling,E 183 ST,10458,2 - Bronx,1,,,,,,
313,63475702,7797,"300 - Rescue, EMS incident, other",2018-06-30 20:20:13,2018-06-30 20:26:36,1.0,2018-06-30 20:35:22,11 - First Alarm,909,"00 - Action taken, other",,,UUU - Undetermined,58 ST,11377,5 - Queens,,,,,,,
314,63475705,1779,4001 - Tree/branch removal or cutting,2018-06-30 20:19:46,2018-06-30 20:31:46,1.0,2018-06-30 21:19:35,11 - First Alarm,3589,45 - Remove hazard,55 - Establish safe area,,"960 - Street, other",AMSTERDAM AVE,10040,1 - Manhattan,,,,,,,
315,63475699,7896,522 - Water or steam leak,2018-06-30 20:19:15,2018-06-30 20:20:04,1.0,2018-06-30 20:27:34,11 - First Alarm,499,64 - Shut down system,,,"962 - Residential street, road or residential driveway",95 ST,11372,5 - Queens,,,,,,,
316,63475695,2227,"300 - Rescue, EMS incident, other",2018-06-30 20:19:02,2018-06-30 20:44:40,1.0,2018-06-30 21:10:10,11 - First Alarm,3068,"00 - Action taken, other",,,UUU - Undetermined,E 148 ST,10455,2 - Bronx,,,,,,,
317,63475696,3443,"500 - Service Call, other",2018-06-30 20:18:31,,,2018-06-30 20:23:07,11 - First Alarm,276,86 - Investigate,,,429 - Multifamily dwelling,BRITTON ST,10467,2 - Bronx,3,,,,,,
318,63475693,2359,"113 - Cooking fire, confined to container",2018-06-30 20:18:22,2018-06-30 20:23:27,5.0,2018-06-30 20:43:33,11 - First Alarm,1511,11 - Extinguishment by fire service personnel,51 - Ventilate,,429 - Multifamily dwelling,E 162 ST,10451,2 - Bronx,7,,,,,,
319,63475690,1032,"651 - Smoke scare, odor of smoke",2018-06-30 20:17:03,2018-06-30 20:19:56,6.0,2018-06-30 20:26:07,11 - First Alarm,544,"00 - Action taken, other",,,UUU - Undetermined,ALBANY AVE,11213,4 - Brooklyn,,,,,,,
320,63475684,694,"300 - Rescue, EMS incident, other",2018-06-30 20:16:33,2018-06-30 20:20:06,1.0,2018-06-30 20:43:40,11 - First Alarm,1627,"00 - Action taken, other",,,UUU - Undetermined,MYRTLE AVE,11206,4 - Brooklyn,,,,,,,
321,63475682,1211,"300 - Rescue, EMS incident, other",2018-06-30 20:16:15,2018-06-30 20:19:29,1.0,2018-06-30 20:26:54,11 - First Alarm,639,"00 - Action taken, other",,,UUU - Undetermined,ATLANTIC AVE,11217,4 - Brooklyn,,,,,,,
322,63475685,616,553 - Public service,2018-06-30 20:16:11,2018-06-30 20:18:33,1.0,2018-06-30 20:27:46,11 - First Alarm,695,"40 - Hazardous condition, other",,,"960 - Street, other",E152,10305,3 - Staten Island,,,,,,,
323,63475681,7227,"118 - Trash or rubbish fire, contained",2018-06-30 20:15:27,2018-06-30 20:20:17,6.0,2018-06-30 20:50:41,11 - First Alarm,2114,11 - Extinguishment by fire service personnel,,,174 - Rapid transit station,IND D 34 ST,99999,1 - Manhattan,,,,,,,
324,63475674,2043,"300 - Rescue, EMS incident, other",2018-06-30 20:14:48,2018-06-30 20:21:05,1.0,2018-06-30 20:27:43,11 - First Alarm,775,"00 - Action taken, other",,,UUU - Undetermined,ATLANTIC AVE,11207,4 - Brooklyn,,,,,,,
325,63475671,6035,"400 - Hazardous condition, other",2018-06-30 20:14:03,2018-06-30 20:17:41,1.0,2018-06-30 20:20:20,11 - First Alarm,377,45 - Remove hazard,,,"960 - Street, other",103 AVE,11419,5 - Queens,,No,,,,,
326,63475669,3942,"445 - Arcing, shorted electrical equipment",2018-06-30 20:13:19,2018-06-30 20:17:48,1.0,2018-06-30 20:30:51,11 - First Alarm,1052,82 - Notify other agencies.,,,419 - 1 or 2 family dwelling,FIELDSTON RD,10471,2 - Bronx,kitchen,,,,,,
327,63475668,1750,522 - Water or steam leak,2018-06-30 20:13:15,2018-06-30 20:18:33,1.0,2018-06-30 20:27:03,11 - First Alarm,828,64 - Shut down system,,,419 - 1 or 2 family dwelling,VAN SICLEN AVE,11207,4 - Brooklyn,2,,,,,,
328,63475667,1972,424 - Carbon monoxide incident,2018-06-30 20:12:34,2018-06-30 20:15:44,2.0,2018-06-30 20:42:42,11 - First Alarm,1808,"00 - Action taken, other",,,"960 - Street, other",RICHMOND AVE          RA,10314,3 - Staten Island,,Yes,,,,,
329,63475658,2754,"300 - Rescue, EMS incident, other",2018-06-30 20:12:18,2018-06-30 20:16:25,1.0,2018-06-30 20:50:33,11 - First Alarm,2295,"00 - Action taken, other",,,UUU - Undetermined,E 170 ST,10452,2 - Bronx,,,,,,,
330,63475662,847,"113 - Cooking fire, confined to container",2018-06-30 20:12:17,2018-06-30 20:15:40,2.0,2018-06-30 20:22:55,11 - First Alarm,638,11 - Extinguishment by fire service personnel,51 - Ventilate,,419 - 1 or 2 family dwelling,MACDOUGAL ST,11233,4 - Brooklyn,basement,,,,,,
331,63475656,3773,"600 - Good intent call, other",2018-06-30 20:12:08,2018-06-30 20:12:17,1.0,2018-06-30 20:13:52,11 - First Alarm,104,"00 - Action taken, other",,,419 - 1 or 2 family dwelling,DEFAULT RECORD FOR SF,10471,2 - Bronx,kitchen,,,,,,
332,63475645,780,353 - Removal of victim(s) from stalled elevator,2018-06-30 20:11:00,2018-06-30 20:16:05,1.0,2018-06-30 20:22:47,11 - First Alarm,707,52 - Forcible entry,,,429 - Multifamily dwelling,MYRTLE AVE,11206,4 - Brooklyn,3,,,,,,
333,63475640,1067,"300 - Rescue, EMS incident, other",2018-06-30 20:10:54,2018-06-30 20:16:23,1.0,2018-06-30 20:33:23,11 - First Alarm,1349,"00 - Action taken, other",,,UUU - Undetermined,BEACH 13 ST,11691,5 - Queens,,,,,,,
334,63475638,6822,"600 - Good intent call, other",2018-06-30 20:10:23,2018-06-30 20:15:31,1.0,2018-06-30 20:25:59,11 - First Alarm,936,86 - Investigate,,,124 - Playground,218 ST,11411,5 - Queens,,,,,,,
335,63475634,7894,522 - Water or steam leak,2018-06-30 20:09:36,2018-06-30 20:14:36,1.0,2018-06-30 20:18:54,11 - First Alarm,558,64 - Shut down system,,,"962 - Residential street, road or residential driveway",37 AVE,11372,5 - Queens,,,,,,,
336,63475631,3058,"445 - Arcing, shorted electrical equipment",2018-06-30 20:08:55,2018-06-30 20:13:47,6.0,2018-06-30 20:28:03,11 - First Alarm,1148,82 - Notify other agencies.,,,429 - Multifamily dwelling,TRATMAN AVE,10461,2 - Bronx,,,,,,,
337,63475623,792,"300 - Rescue, EMS incident, other",2018-06-30 20:08:11,2018-06-30 20:12:11,1.0,2018-06-30 20:21:57,11 - First Alarm,826,"00 - Action taken, other",,,UUU - Undetermined,LEWIS AVE,11221,4 - Brooklyn,,,,,,,
338,63475620,4569,"300 - Rescue, EMS incident, other",2018-06-30 20:07:38,2018-06-30 20:11:51,1.0,2018-06-30 20:23:58,11 - First Alarm,980,"00 - Action taken, other",,,UUU - Undetermined,14 AVE,11356,5 - Queens,,,,,,,
339,63475616,80,"300 - Rescue, EMS incident, other",2018-06-30 20:07:24,2018-06-30 20:11:03,1.0,2018-06-30 20:22:42,11 - First Alarm,918,"00 - Action taken, other",,,UUU - Undetermined,FULTON ST,10038,1 - Manhattan,,,,,,,
340,63475622,426,735A - Unwarranted alarm/defective condition of alarm system,2018-06-30 20:07:20,2018-06-30 20:11:36,1.0,2018-06-30 20:15:47,11 - First Alarm,507,86 - Investigate,,,UUU - Undetermined,GOLD ST,11201,4 - Brooklyn,,,,,,,
341,63475617,2696,"555 - Defective elevator, no occupants",2018-06-30 20:07:06,2018-06-30 20:13:54,1.0,2018-06-30 20:28:46,11 - First Alarm,1300,45 - Remove hazard,64 - Shut down system,,429 - Multifamily dwelling,130 AVE,11434,5 - Queens,1,,,,,,
342,63475624,554,736 - CO detector activation due to malfunction,2018-06-30 20:06:49,2018-06-30 20:11:29,2.0,2018-06-30 20:19:08,11 - First Alarm,739,"00 - Action taken, other",,,UUU - Undetermined,LYCEUM CT,10310,3 - Staten Island,,,,,,,
343,63475615,2606,"300 - Rescue, EMS incident, other",2018-06-30 20:06:42,2018-06-30 20:11:00,1.0,2018-06-30 20:33:59,11 - First Alarm,1637,"00 - Action taken, other",,,UUU - Undetermined,FTHAMILTON PKWY,11219,4 - Brooklyn,,,,,,,
344,63475610,1574,553 - Public service,2018-06-30 20:05:36,2018-06-30 20:14:45,1.0,2018-06-30 20:22:02,11 - First Alarm,986,75 - Provide equipment,,,"962 - Residential street, road or residential driveway",W 137 ST,10030,1 - Manhattan,,,,,,,
345,63475607,1490,"300 - Rescue, EMS incident, other",2018-06-30 20:05:10,2018-06-30 20:08:27,1.0,2018-06-30 20:17:42,11 - First Alarm,752,"00 - Action taken, other",,,UUU - Undetermined,3 AVE,11232,4 - Brooklyn,,,,,,,
346,63475602,1428,"300 - Rescue, EMS incident, other",2018-06-30 20:03:59,2018-06-30 20:08:15,1.0,2018-06-30 20:55:17,11 - First Alarm,3078,"00 - Action taken, other",,,UUU - Undetermined,21 ST,11232,4 - Brooklyn,,,,,,,
347,63475604,559,"116 - Fuel burner/boiler malfunction, fire confined",2018-06-30 20:03:43,2018-06-30 20:08:55,2.0,2018-06-30 21:02:39,11 - First Alarm,3536,21 - Search,51 - Ventilate,64 - Shut down system,161 - Restaurant or cafeteria,W 14 ST,10011,1 - Manhattan,,,,,,,
348,63475597,4796,"300 - Rescue, EMS incident, other",2018-06-30 20:02:09,2018-06-30 20:06:37,1.0,2018-06-30 20:28:10,11 - First Alarm,1561,"00 - Action taken, other",,,UUU - Undetermined,CRESTON AVE,10458,2 - Bronx,,,,,,,
349,63475596,3181,522 - Water or steam leak,2018-06-30 20:01:08,2018-06-30 20:14:21,1.0,2018-06-30 20:19:17,11 - First Alarm,1089,64 - Shut down system,,,"962 - Residential street, road or residential driveway",E 182 ST,99999,2 - Bronx,,,,,,,
350,63475593,3360,"300 - Rescue, EMS incident, other",2018-06-30 19:59:43,2018-06-30 20:02:09,1.0,2018-06-30 20:16:10,11 - First Alarm,987,"00 - Action taken, other",,,UUU - Undetermined,OCEAN PKWY,11223,4 - Brooklyn,,,,,,,
351,63475589,2872,353 - Removal of victim(s) from stalled elevator,2018-06-30 19:58:04,2018-06-30 20:03:51,1.0,2018-06-30 20:11:21,11 - First Alarm,797,64 - Shut down system,86 - Investigate,52 - Forcible entry,429 - Multifamily dwelling,WHITEPLAINS RD,10472,2 - Bronx,5,,,,,,
352,63475587,1072,"300 - Rescue, EMS incident, other",2018-06-30 19:57:55,2018-06-30 20:01:49,1.0,2018-06-30 20:14:24,11 - First Alarm,989,"00 - Action taken, other",,,UUU - Undetermined,EASTERN PKWY,11216,4 - Brooklyn,,,,,,,
353,63475581,4273,554 - Assist invalid,2018-06-30 19:55:26,2018-06-30 19:59:07,1.0,2018-06-30 20:06:25,11 - First Alarm,659,73 - Provide manpower,302 - Provide Patient Care,,419 - 1 or 2 family dwelling,ELLSWORTH AVE,10465,2 - Bronx,1,,,,,,
354,63475570,718,"600 - Good intent call, other",2018-06-30 19:53:20,2018-06-30 19:59:49,1.0,2018-06-30 20:07:36,11 - First Alarm,856,86 - Investigate,,,"960 - Street, other",E 34 ST,10016,1 - Manhattan,,,,,,,
355,63475574,336,"151 - Outside rubbish, trash or waste fire",2018-06-30 19:53:04,2018-06-30 19:59:09,1.0,2018-06-30 20:05:35,11 - First Alarm,751,11 - Extinguishment by fire service personnel,,,419 - 1 or 2 family dwelling,OAKLAND AVE,10310,3 - Staten Island,1,,,,,,
356,63475568,974,412 - Gas leak (natural gas or LPG),2018-06-30 19:53:03,2018-06-30 19:57:38,1.0,2018-06-30 20:10:07,11 - First Alarm,1024,44 - Hazardous materials leak control & containment,64 - Shut down system,82 - Notify other agencies.,429 - Multifamily dwelling,CLASSON AVE,11238,4 - Brooklyn,3,,,,,,
357,63475569,3609,353 - Removal of victim(s) from stalled elevator,2018-06-30 19:52:57,2018-06-30 19:58:35,1.0,2018-06-30 20:09:44,11 - First Alarm,1007,64 - Shut down system,,,429 - Multifamily dwelling,OCEANA DR W,11235,4 - Brooklyn,ph,,,,,,
358,63475566,4066,5001 - Cable / Telephone Wires Down,2018-06-30 19:52:47,2018-06-30 19:57:56,1.0,2018-06-30 20:06:54,11 - First Alarm,847,45 - Remove hazard,55 - Establish safe area,,"962 - Residential street, road or residential driveway",HALPIN PL,10465,2 - Bronx,,,,,,,
359,63475556,783,322 - Motor vehicle accident with injuries,2018-06-30 19:51:08,2018-06-30 19:55:38,2.0,2018-06-30 20:02:55,11 - First Alarm,707,31 - Provide first aid & check for injuries,78 - Control traffic,,"960 - Street, other",FOREST AVE,10302,3 - Staten Island,,,,,,,
360,63475561,9875,353 - Removal of victim(s) from stalled elevator,2018-06-30 19:50:55,2018-06-30 19:54:35,1.0,2018-06-30 20:04:56,11 - First Alarm,841,64 - Shut down system,,,429 - Multifamily dwelling,162 ST,11432,5 - Queens,1,,,,,,
361,63475543,2857,"300 - Rescue, EMS incident, other",2018-06-30 19:48:22,2018-06-30 19:52:20,1.0,2018-06-30 20:01:59,11 - First Alarm,817,"00 - Action taken, other",,,UUU - Undetermined,20 AVE,11204,4 - Brooklyn,,,,,,,
362,63475545,3924,353 - Removal of victim(s) from stalled elevator,2018-06-30 19:48:06,2018-06-30 19:53:13,1.0,2018-06-30 19:56:59,11 - First Alarm,533,64 - Shut down system,,,429 - Multifamily dwelling,AVEJ,11210,4 - Brooklyn,1,,,,,,
363,63475538,7869,"300 - Rescue, EMS incident, other",2018-06-30 19:47:42,2018-06-30 19:52:13,1.0,2018-06-30 19:56:52,11 - First Alarm,550,"00 - Action taken, other",,,UUU - Undetermined,37 AVE,11372,5 - Queens,,,,,,,
364,63475540,2497,"710 - Malicious, mischievous false call, other",2018-06-30 19:47:41,2018-06-30 19:56:22,1.0,2018-06-30 19:58:54,11 - First Alarm,673,"00 - Action taken, other",,,UUU - Undetermined,FLATBUSH AVE,11226,4 - Brooklyn,,,,,,,
365,63475531,1071,"300 - Rescue, EMS incident, other",2018-06-30 19:47:16,2018-06-30 19:52:09,1.0,2018-06-30 19:58:38,11 - First Alarm,682,"00 - Action taken, other",,,UUU - Undetermined,GATEWAY BLVD,11691,5 - Queens,,,,,,,
366,63475529,254,323 - Motor vehicle/pedestrian accident (MV Ped),2018-06-30 19:46:25,2018-06-30 19:48:32,2.0,2018-06-30 19:51:43,11 - First Alarm,318,48 - Remove hazardous materials,78 - Control traffic,86 - Investigate,"962 - Residential street, road or residential driveway",GRAND ST,10002,1 - Manhattan,,,,,,,
367,63475524,3325,"445 - Arcing, shorted electrical equipment",2018-06-30 19:45:44,2018-06-30 19:49:16,6.0,2018-06-30 20:03:05,11 - First Alarm,1041,82 - Notify other agencies.,,,429 - Multifamily dwelling,CROTONA AVE,10458,2 - Bronx,1,,,,,,
368,63475516,2949,"520 - Water problem, other",2018-06-30 19:44:50,,,2018-06-30 20:06:25,11 - First Alarm,1295,64 - Shut down system,,,"962 - Residential street, road or residential driveway",E 176 ST,10460,2 - Bronx,,,,,,,
369,63475518,3977,"113 - Cooking fire, confined to container",2018-06-30 19:44:28,2018-06-30 19:48:45,5.0,2018-06-30 20:03:21,11 - First Alarm,1133,11 - Extinguishment by fire service personnel,51 - Ventilate,,429 - Multifamily dwelling,BAYVIEW AVE,11224,4 - Brooklyn,3,,,,,,
370,63475507,1795,"300 - Rescue, EMS incident, other",2018-06-30 19:43:19,2018-06-30 19:46:30,1.0,2018-06-30 20:02:17,11 - First Alarm,1138,"00 - Action taken, other",,,UUU - Undetermined,FULTON ST,11233,4 - Brooklyn,,,,,,,
371,63475498,2138,"300 - Rescue, EMS incident, other",2018-06-30 19:42:13,2018-06-30 19:46:20,1.0,2018-06-30 20:09:29,11 - First Alarm,1636,"00 - Action taken, other",,,UUU - Undetermined,SAINTANNS AVE,10451,2 - Bronx,,,,,,,
372,63475499,9418,353 - Removal of victim(s) from stalled elevator,2018-06-30 19:42:02,2018-06-30 19:46:23,1.0,2018-06-30 20:04:29,11 - First Alarm,1347,86 - Investigate,52 - Forcible entry,64 - Shut down system,429 - Multifamily dwelling,BLOSSOM AVE,11355,5 - Queens,3,,,,,,
373,63475497,7580,412 - Gas leak (natural gas or LPG),2018-06-30 19:41:29,2018-06-30 19:45:45,3.0,2018-06-30 19:56:53,11 - First Alarm,924,44 - Hazardous materials leak control & containment,64 - Shut down system,82 - Notify other agencies.,429 - Multifamily dwelling,31 ST,11105,5 - Queens,1,,,,,,
374,63475492,3550,"300 - Rescue, EMS incident, other",2018-06-30 19:41:10,2018-06-30 19:44:24,1.0,2018-06-30 19:47:57,11 - First Alarm,407,"00 - Action taken, other",,,UUU - Undetermined,W 19 ST,11224,4 - Brooklyn,,,,,,,
375,63475484,2455,"300 - Rescue, EMS incident, other",2018-06-30 19:40:24,2018-06-30 19:42:59,1.0,2018-06-30 19:48:24,11 - First Alarm,480,"00 - Action taken, other",,,UUU - Undetermined,DITMAS AVE,11226,4 - Brooklyn,,,,,,,
376,63475490,2149,"331 - Lock-in (if lock out , use 511 )",2018-06-30 19:40:15,2018-06-30 19:47:21,1.0,2018-06-30 19:50:38,11 - First Alarm,623,"70 - Assistance, other",,,429 - Multifamily dwelling,E 138 ST,10454,2 - Bronx,2,,,,,,
377,63475476,2068,"300 - Rescue, EMS incident, other",2018-06-30 19:38:53,2018-06-30 19:42:50,1.0,2018-06-30 19:59:30,11 - First Alarm,1237,"00 - Action taken, other",,,UUU - Undetermined,ATKINS AVE,11208,4 - Brooklyn,,,,,,,
378,63475472,9345,522 - Water or steam leak,2018-06-30 19:38:18,2018-06-30 19:46:07,1.0,2018-06-30 19:55:23,11 - First Alarm,1025,64 - Shut down system,51 - Ventilate,86 - Investigate,"960 - Street, other",34 AVE,11368,5 - Queens,,,,,,,
379,63475468,3804,422 - Chemical spill or leak,2018-06-30 19:37:57,2018-06-30 19:42:37,9.0,2018-06-30 21:26:29,11 - First Alarm,6512,21 - Search,"42 - HazMat detection, monitoring, sampling, & analysis",51 - Ventilate,429 - Multifamily dwelling,E 229 ST,10466,2 - Bronx,3,,,,,,
380,63475464,336,"300 - Rescue, EMS incident, other",2018-06-30 19:37:40,2018-06-30 19:42:39,1.0,2018-06-30 20:50:12,11 - First Alarm,4352,"00 - Action taken, other",,,UUU - Undetermined,CROSBY ST,10012,1 - Manhattan,,,,,,,
381,63475455,2319,522 - Water or steam leak,2018-06-30 19:36:58,2018-06-30 19:40:57,1.0,2018-06-30 19:50:20,11 - First Alarm,802,64 - Shut down system,,,429 - Multifamily dwelling,E 52 ST,11203,4 - Brooklyn,3,,,,,,
382,63475446,206,322 - Motor vehicle accident with injuries,2018-06-30 19:36:42,2018-06-30 19:40:06,2.0,2018-06-30 19:57:54,11 - First Alarm,1272,31 - Provide first aid & check for injuries,78 - Control traffic,,963 - Street or road in commercial area,BROADWAY,11211,4 - Brooklyn,,,,,,,
383,63475444,973,"300 - Rescue, EMS incident, other",2018-06-30 19:36:38,2018-06-30 20:04:13,1.0,2018-06-30 20:21:08,11 - First Alarm,2670,"00 - Action taken, other",,,UUU - Undetermined,CENTRAL PARK W,10022,1 - Manhattan,,,,,,,
384,63475449,6555,"331 - Lock-in (if lock out , use 511 )",2018-06-30 19:36:27,2018-06-30 19:41:33,1.0,2018-06-30 19:51:16,11 - First Alarm,889,"70 - Assistance, other",,,"962 - Residential street, road or residential driveway",135 ST,11435,5 - Queens,,,,,,,
385,63475443,4948,"300 - Rescue, EMS incident, other",2018-06-30 19:36:23,2018-06-30 19:43:09,1.0,2018-06-30 19:57:55,11 - First Alarm,1292,"00 - Action taken, other",,,UUU - Undetermined,PALISADE AVE,10471,2 - Bronx,,,,,,,
386,63475439,3859,"300 - Rescue, EMS incident, other",2018-06-30 19:35:47,2018-06-30 19:41:11,1.0,2018-06-30 19:45:26,11 - First Alarm,579,"00 - Action taken, other",,,UUU - Undetermined,CARPENTER AVE,10466,2 - Bronx,,,,,,,
387,63475440,2819,"710 - Malicious, mischievous false call, other",2018-06-30 19:35:34,2018-06-30 19:39:19,2.0,2018-06-30 19:42:50,11 - First Alarm,436,"00 - Action taken, other",,,UUU - Undetermined,DEFAULT RECORD FOR SF,10473,2 - Bronx,,,,,,,
388,63475438,3136,353 - Removal of victim(s) from stalled elevator,2018-06-30 19:35:17,2018-06-30 19:39:57,1.0,2018-06-30 19:48:52,11 - First Alarm,815,64 - Shut down system,,,429 - Multifamily dwelling,E 179 ST,10457,2 - Bronx,1,,,,,,
389,63475436,3201,"151 - Outside rubbish, trash or waste fire",2018-06-30 19:34:21,2018-06-30 19:38:39,1.0,2018-06-30 19:47:10,11 - First Alarm,769,11 - Extinguishment by fire service personnel,,,"962 - Residential street, road or residential driveway",E 180 ST,10460,2 - Bronx,,,,,,,
390,63475433,1933,"300 - Rescue, EMS incident, other",2018-06-30 19:34:12,2018-06-30 19:39:04,1.0,2018-06-30 19:55:02,11 - First Alarm,1250,"00 - Action taken, other",,,UUU - Undetermined,VAN SICLEN AVE,11207,4 - Brooklyn,,,,,,,
391,63475415,7845,"300 - Rescue, EMS incident, other",2018-06-30 19:31:30,2018-06-30 19:39:06,1.0,2018-06-30 19:49:32,11 - First Alarm,1082,"00 - Action taken, other",,,UUU - Undetermined,37 RD,11373,5 - Queens,,,,,,,
392,63475417,1682,"700 - False alarm or false call, other",2018-06-30 19:31:25,2018-06-30 19:41:43,1.0,2018-06-30 19:43:49,11 - First Alarm,744,86 - Investigate,,,"960 - Street, other",W 160 ST,10032,1 - Manhattan,,,,,,,
393,63475410,3564,"300 - Rescue, EMS incident, other",2018-06-30 19:30:17,2018-06-30 19:35:56,1.0,2018-06-30 19:54:29,11 - First Alarm,1452,"00 - Action taken, other",,,UUU - Undetermined,DECATUR AVE,10467,2 - Bronx,,,,,,,
394,63475411,256,424 - Carbon monoxide incident,2018-06-30 19:30:08,2018-06-30 19:33:23,2.0,2018-06-30 19:49:47,11 - First Alarm,1179,"42 - HazMat detection, monitoring, sampling, & analysis",55 - Establish safe area,,429 - Multifamily dwelling,MANHATTAN AVE         GP,11206,4 - Brooklyn,,Yes,,,,,
395,63475401,4905,353 - Removal of victim(s) from stalled elevator,2018-06-30 19:26:17,2018-06-30 19:32:30,1.0,2018-06-30 19:39:51,11 - First Alarm,814,64 - Shut down system,,,429 - Multifamily dwelling,GRANDCONCOURSE,10458,2 - Bronx,1,,,,,,
396,63475391,3765,"300 - Rescue, EMS incident, other",2018-06-30 19:25:01,2018-06-30 19:26:48,1.0,2018-06-30 19:35:26,11 - First Alarm,625,"00 - Action taken, other",,,UUU - Undetermined,GREENWOOD AVE,11218,4 - Brooklyn,,,,,,,
397,63475377,3451,"445 - Arcing, shorted electrical equipment",2018-06-30 19:23:02,2018-06-30 19:29:01,5.0,2018-06-30 19:50:14,11 - First Alarm,1632,82 - Notify other agencies.,,,429 - Multifamily dwelling,CROPSEY AVE,11214,4 - Brooklyn,1,,,,,,
398,63475376,524,"600 - Good intent call, other",2018-06-30 19:22:40,2018-06-30 19:26:56,6.0,2018-06-30 19:47:58,11 - First Alarm,1518,86 - Investigate,,,"960 - Street, other",CONGRESS ST,11201,4 - Brooklyn,,,,,,,
399,63475371,2784,411 - Gasoline or other flammable liquid spill,2018-06-30 19:22:04,2018-06-30 19:27:14,1.0,2018-06-30 19:35:10,11 - First Alarm,786,43 - Hazardous materials spill control and confinement,,,419 - 1 or 2 family dwelling,KLONDIKE AVE,10314,3 - Staten Island,1,,,,,,
400,63475356,2614,323 - Motor vehicle/pedestrian accident (MV Ped),2018-06-30 19:20:50,2018-06-30 19:24:42,2.0,2018-06-30 19:37:08,11 - First Alarm,978,48 - Remove hazardous materials,78 - Control traffic,86 - Investigate,"960 - Street, other",6 AVE,11209,4 - Brooklyn,,,,,,,
401,63475357,3242,444 - Power line down,2018-06-30 19:20:49,2018-06-30 19:25:19,1.0,2018-06-30 20:02:56,11 - First Alarm,2527,55 - Establish safe area,82 - Notify other agencies.,,"900 - Outside or special property, other",E MACON AVE,10308,3 - Staten Island,,,,,,,
402,63475353,92,"300 - Rescue, EMS incident, other",2018-06-30 19:20:38,2018-06-30 19:23:31,1.0,2018-06-30 19:38:53,11 - First Alarm,1095,"00 - Action taken, other",,,UUU - Undetermined,BRIGHTON AVE,10301,3 - Staten Island,,,,,,,
403,63475352,342,"651 - Smoke scare, odor of smoke",2018-06-30 19:19:59,2018-06-30 19:23:16,3.0,2018-06-30 19:32:52,11 - First Alarm,773,"00 - Action taken, other",,,UUU - Undetermined,BROADWAY,10012,1 - Manhattan,,,,,,,
404,63475345,1238,"300 - Rescue, EMS incident, other",2018-06-30 19:19:13,2018-06-30 19:22:39,1.0,2018-06-30 19:36:11,11 - First Alarm,1018,"00 - Action taken, other",,,UUU - Undetermined,FLATBUSH AVE,11217,4 - Brooklyn,,,,,,,
405,63475343,6580,322 - Motor vehicle accident with injuries,2018-06-30 19:19:01,2018-06-30 19:34:27,2.0,2018-06-30 19:34:49,11 - First Alarm,948,31 - Provide first aid & check for injuries,78 - Control traffic,,963 - Street or road in commercial area,73 AVE,11367,5 - Queens,,,,,,,
406,63475346,2456,4001 - Tree/branch removal or cutting,2018-06-30 19:19:00,2018-06-30 19:22:52,1.0,2018-06-30 19:34:46,11 - First Alarm,946,86 - Investigate,45 - Remove hazard,,"962 - Residential street, road or residential driveway",E 22 ST,11226,4 - Brooklyn,,,,,,,
407,63475336,3619,522 - Water or steam leak,2018-06-30 19:16:28,2018-06-30 19:33:22,1.0,2018-06-30 19:42:45,11 - First Alarm,1577,64 - Shut down system,,,429 - Multifamily dwelling,BRIGHTON 12 ST,11235,4 - Brooklyn,1,,,,,,
408,63475334,3590,"600 - Good intent call, other",2018-06-30 19:15:54,2018-06-30 19:19:38,6.0,2018-06-30 19:32:13,11 - First Alarm,979,86 - Investigate,,,429 - Multifamily dwelling,W 24 ST,11224,4 - Brooklyn,,,,,,,
409,63475328,1716,735A - Unwarranted alarm/defective condition of alarm system,2018-06-30 19:15:00,2018-06-30 19:19:30,3.0,2018-06-30 19:29:44,11 - First Alarm,884,86 - Investigate,,,UUU - Undetermined,PITKIN AVE,11207,4 - Brooklyn,,,,,,,
410,63475330,5043,"710 - Malicious, mischievous false call, other",2018-06-30 19:14:30,2018-06-30 19:20:33,6.0,2018-06-30 19:26:04,11 - First Alarm,694,"00 - Action taken, other",,,UUU - Undetermined,LIBERTY AVE,11412,5 - Queens,,,,,,,
411,63475325,3699,"555 - Defective elevator, no occupants",2018-06-30 19:14:11,2018-06-30 19:18:08,2.0,2018-06-30 19:22:19,11 - First Alarm,488,45 - Remove hazard,64 - Shut down system,,429 - Multifamily dwelling,BATCHELDER ST,11229,4 - Brooklyn,1,,,,,,
412,63475317,5907,"300 - Rescue, EMS incident, other",2018-06-30 19:13:05,2018-06-30 19:16:59,1.0,2018-06-30 19:59:06,11 - First Alarm,2761,"00 - Action taken, other",,,UUU - Undetermined,148 RD,11422,5 - Queens,,,,,,,
413,63475318,1613,522 - Water or steam leak,2018-06-30 19:12:46,2018-06-30 19:13:43,3.0,2018-06-30 19:32:07,11 - First Alarm,1161,64 - Shut down system,,,429 - Multifamily dwelling,PARK PL,11213,4 - Brooklyn,1,,,,,,
414,63475321,3580,611 - Dispatched & canceled en route,2018-06-30 19:12:41,,,2018-06-30 19:16:49,11 - First Alarm,248,93 - Cancelled en route,,,UUU - Undetermined,OCEAN PKWY,11235,4 - Brooklyn,,,,,,,
415,63475316,3284,"710 - Malicious, mischievous false call, other",2018-06-30 19:12:25,2018-06-30 19:16:27,5.0,2018-06-30 19:20:01,11 - First Alarm,456,"00 - Action taken, other",,,UUU - Undetermined,EMMONS AVE,11235,4 - Brooklyn,,,,,,,
416,63475312,4440,"555 - Defective elevator, no occupants",2018-06-30 19:12:16,2018-06-30 19:19:28,1.0,2018-06-30 19:33:25,11 - First Alarm,1269,45 - Remove hazard,,,"500 - Mercantile, business, other",BOSTON RD,10469,2 - Bronx,1,,,,,,
